<?xml version="1.0" encoding="UTF-8"?>
<!DOCTYPE html PUBLIC "-//W3C//DTD XHTML 1.0 Transitional//EN"
    "http://www.w3.org/TR/xhtml1/DTD/xhtml1-transitional.dtd">
<html xmlns="http://www.w3.org/1999/xhtml" xml:lang="en" lang="en">
 <head>
  <title>
</title>
<meta http-equiv="Content-Type" content="text/html;charset=utf-8" />
  <meta name='ocr-system' content='tesseract 3.04.00' />
  <meta name='ocr-capabilities' content='ocr_page ocr_carea ocr_par ocr_line ocrx_word'/>
</head>
<body>
  <div class='ocr_page' id='page_1' title='image "./publiiterentiia04teregoog/publiiterentiia04teregoog_0159.png"; bbox 0 0 2144 3678; ppageno 0'>
   <div class='ocr_carea' id='block_1_1' title="bbox 353 231 843 364">
    <p class='ocr_par' dir='ltr' id='par_1_1' title="bbox 353 231 843 364">
     <span class='ocr_line' id='line_1_1' title="bbox 353 231 843 364; baseline 0.084 -61"><span class='ocrx_word' id='word_1_1' title='bbox 353 231 659 329; x_wconf 70' lang='lat' dir='ltr'>Paetorum</span> <span class='ocrx_word' id='word_1_2' title='bbox 781 293 843 364; x_wconf 65' lang='grc' dir='ltr'>ης</span> 
     </span>
    </p>
   </div>
   <div class='ocr_carea' id='block_1_2' title="bbox 86 369 796 734">
    <p class='ocr_par' dir='ltr' id='par_1_2' title="bbox 120 369 687 454">
     <span class='ocr_line' id='line_1_2' title="bbox 120 369 687 454; baseline 0.067 -39"><span class='ocrx_word' id='word_1_3' title='bbox 120 413 125 422; x_wconf 90' lang='grc'>,</span> <span class='ocrx_word' id='word_1_4' title='bbox 155 369 178 420; x_wconf 89' lang='lat' dir='ltr'>ls</span> <span class='ocrx_word' id='word_1_5' title='bbox 187 381 216 421; x_wconf 88' lang='lat' dir='ltr'>ne</span> <span class='ocrx_word' id='word_1_6' title='bbox 225 383 303 434; x_wconf 81' lang='lat' dir='ltr'>erret,</span> <span class='ocrx_word' id='word_1_7' title='bbox 314 389 403 431; x_wconf 81' lang='lat' dir='ltr'>moneo</span> <span class='ocrx_word' id='word_1_8' title='bbox 413 415 421 443; x_wconf 89' lang='lat'>,</span> <span class='ocrx_word' id='word_1_9' title='bbox 433 385 459 434; x_wconf 76' lang='lat' dir='ltr'>dt</span> <span class='ocrx_word' id='word_1_10' title='bbox 468 385 559 442; x_wconf 72' lang='lat' dir='ltr'>deerrat</span> <span class='ocrx_word' id='word_1_11' title='bbox 568 394 687 454; x_wconf 74' lang='lat' dir='ltr'>lacessere.</span> 
     </span>
    </p>

    <p class='ocr_par' dir='ltr' id='par_1_3' title="bbox 152 461 737 641">
     <span class='ocr_line' id='line_1_3' title="bbox 154 461 737 556; baseline 0.075 -49"><span class='ocrx_word' id='word_1_12' title='bbox 154 461 240 512; x_wconf 79' lang='lat' dir='ltr'>Habeo</span> <span class='ocrx_word' id='word_1_13' title='bbox 248 463 296 515; x_wconf 84' lang='lat' dir='ltr'>alia</span> <span class='ocrx_word' id='word_1_14' title='bbox 306 469 399 531; x_wconf 88' lang='lat' dir='ltr'>multa,</span> <span class='ocrx_word' id='word_1_15' title='bbox 414 491 466 542; x_wconf 70' lang='lat' dir='ltr'>qu:</span> <span class='ocrx_word' id='word_1_16' title='bbox 475 493 539 532; x_wconf 81' lang='lat' dir='ltr'>nnnc</span> <span class='ocrx_word' id='word_1_17' title='bbox 548 487 737 556; x_wconf 73' lang='lat' dir='ltr'>condonabitur,</span> 
     </span>
     <span class='ocr_line' id='line_1_4' title="bbox 152 555 662 641; baseline 0.073 -43"><span class='ocrx_word' id='word_1_18' title='bbox 152 555 213 612; x_wconf 82' lang='lat' dir='ltr'>Quae</span> <span class='ocrx_word' id='word_1_19' title='bbox 219 555 368 621; x_wconf 81' lang='lat' dir='ltr'>proferentur</span> <span class='ocrx_word' id='word_1_20' title='bbox 376 579 432 629; x_wconf 84' lang='lat' dir='ltr'>post</span> <span class='ocrx_word' id='word_1_21' title='bbox 438 600 447 626; x_wconf 92' lang='lat'>,</span> <span class='ocrx_word' id='word_1_22' title='bbox 461 570 569 641; x_wconf 72' lang='lat' dir='ltr'>rlperger</span> <span class='ocrx_word' id='word_1_23' title='bbox 578 577 662 636; x_wconf 80' lang='lat' dir='ltr'>laedere</span> 
     </span>
    </p>

    <p class='ocr_par' dir='ltr' id='par_1_4' title="bbox 86 633 796 734">
     <span class='ocr_line' id='line_1_5' title="bbox 86 633 796 734; baseline 0.083 -58"><span class='ocrx_word' id='word_1_24' title='bbox 86 655 89 658; x_wconf 96' lang='lat'>-</span> <span class='ocrx_word' id='word_1_25' title='bbox 152 633 205 695; x_wconf 81' lang='lat' dir='ltr'>lta,</span> <span class='ocrx_word' id='word_1_26' title='bbox 219 652 246 688; x_wconf 94' lang='lat' dir='ltr'>ut</span> <span class='ocrx_word' id='word_1_27' title='bbox 256 639 332 694; x_wconf 80' lang='lat' dir='ltr'>facere</span> <span class='ocrx_word' id='word_1_28' title='bbox 341 644 453 703; x_wconf 85' lang='lat' dir='ltr'>instituit.</span> <span class='ocrx_word' id='word_1_29' title='bbox 469 659 550 717; x_wconf 84' lang='lat' dir='ltr'>Quam</span> <span class='ocrx_word' id='word_1_30' title='bbox 560 672 623 714; x_wconf 85' lang='lat' dir='ltr'>nunc</span> <span class='ocrx_word' id='word_1_31' title='bbox 632 671 706 724; x_wconf 75' lang='lat' dir='ltr'>anun</span> <span class='ocrx_word' id='word_1_32' title='bbox 717 693 796 734; x_wconf 88' lang='lat' dir='ltr'>sumus</span> 
     </span>
    </p>
   </div>
   <div class='ocr_carea' id='block_1_3' title="bbox 146 725 879 1358">
    <p class='ocr_par' dir='ltr' id='par_1_5' title="bbox 146 725 879 1358">
     <span class='ocr_line' id='line_1_6' title="bbox 151 725 809 836; baseline 0.082 -64"><span class='ocrx_word' id='word_1_33' title='bbox 151 725 280 780; x_wconf 74' lang='lat' dir='ltr'>Menandri</span> <span class='ocrx_word' id='word_1_34' title='bbox 290 734 442 800; x_wconf 80' lang='lat' dir='ltr'>Eunuchum,</span> <span class='ocrx_word' id='word_1_35' title='bbox 456 757 585 813; x_wconf 78' lang='lat' dir='ltr'>postquam</span> <span class='ocrx_word' id='word_1_36' title='bbox 592 755 679 812; x_wconf 84' lang='lat' dir='ltr'>AEdilee</span> <span class='ocrx_word' id='word_1_37' title='bbox 688 753 809 836; x_wconf 68' lang='lat' dir='ltr'>emerunt,</span> 
     </span>
     <span class='ocr_line' id='line_1_7' title="bbox 150 818 670 919; baseline 0.073 -53"><span class='ocrx_word' id='word_1_38' title='bbox 150 818 248 872; x_wconf 81' lang='lat' dir='ltr'>Perfecit</span> <span class='ocrx_word' id='word_1_39' title='bbox 253 855 264 882; x_wconf 95' lang='lat'>,</span> <span class='ocrx_word' id='word_1_40' title='bbox 278 825 324 876; x_wconf 84' lang='lat' dir='ltr'>sibi</span> <span class='ocrx_word' id='word_1_41' title='bbox 334 840 360 878; x_wconf 92' lang='lat' dir='ltr'>ut</span> <span class='ocrx_word' id='word_1_42' title='bbox 370 833 513 900; x_wconf 80' lang='lat' dir='ltr'>inspiciendi</span> <span class='ocrx_word' id='word_1_43' title='bbox 523 857 582 895; x_wconf 81' lang='lat' dir='ltr'>esset</span> <span class='ocrx_word' id='word_1_44' title='bbox 590 825 670 919; x_wconf 76' lang='lat' dir='ltr'>copia.</span> 
     </span>
     <span class='ocr_line' id='line_1_8' title="bbox 150 909 744 1017; baseline 0.081 -63"><span class='ocrx_word' id='word_1_45' title='bbox 150 909 302 976; x_wconf 72' lang='lat' dir='ltr'>Magistratus</span> <span class='ocrx_word' id='word_1_46' title='bbox 314 917 369 971; x_wconf 82' lang='lat' dir='ltr'>crim</span> <span class='ocrx_word' id='word_1_47' title='bbox 379 923 413 972; x_wconf 78' lang='lat' dir='ltr'>ibi</span> <span class='ocrx_word' id='word_1_48' title='bbox 424 925 529 992; x_wconf 85' lang='lat' dir='ltr'>adesset,</span> <span class='ocrx_word' id='word_1_49' title='bbox 544 951 642 1006; x_wconf 83' lang='lat' dir='ltr'>occepta</span> <span class='ocrx_word' id='word_1_50' title='bbox 652 961 686 996; x_wconf 89' lang='lat' dir='ltr'>est</span> <span class='ocrx_word' id='word_1_51' title='bbox 696 952 744 1017; x_wconf 78' lang='lat' dir='ltr'>agi.</span> 
     </span>
     <span class='ocr_line' id='line_1_9' title="bbox 149 1001 697 1090; baseline 0.075 -43"><span class='ocrx_word' id='word_1_52' title='bbox 149 1001 270 1056; x_wconf 75' lang='lat' dir='ltr'>Exclamat</span> <span class='ocrx_word' id='word_1_53' title='bbox 279 1042 288 1066; x_wconf 92' lang='lat'>,</span> <span class='ocrx_word' id='word_1_54' title='bbox 297 1009 390 1075; x_wconf 86' lang='lat' dir='ltr'>furem,</span> <span class='ocrx_word' id='word_1_55' title='bbox 405 1031 456 1070; x_wconf 89' lang='lat' dir='ltr'>non</span> <span class='ocrx_word' id='word_1_56' title='bbox 463 1027 578 1088; x_wconf 74' lang='lat' dir='ltr'>poi&#39;tam,</span> <span class='ocrx_word' id='word_1_57' title='bbox 590 1029 697 1090; x_wconf 83' lang='lat' dir='ltr'>fabulam</span> 
     </span>
     <span class='ocr_line' id='line_1_10' title="bbox 148 1091 714 1177; baseline 0.064 -38"><span class='ocrx_word' id='word_1_58' title='bbox 148 1091 263 1155; x_wconf 74' lang='lat' dir='ltr'>Dedisse,</span> <span class='ocrx_word' id='word_1_59' title='bbox 275 1099 300 1147; x_wconf 73' lang='lat' dir='ltr'>dt</span> <span class='ocrx_word' id='word_1_60' title='bbox 310 1103 372 1154; x_wconf 84' lang='lat' dir='ltr'>nihil</span> <span class='ocrx_word' id='word_1_61' title='bbox 381 1103 472 1160; x_wconf 83' lang='lat' dir='ltr'>dedisse</span> <span class='ocrx_word' id='word_1_62' title='bbox 483 1114 612 1170; x_wconf 78' lang='lat' dir='ltr'>verborum</span> <span class='ocrx_word' id='word_1_63' title='bbox 620 1135 714 1177; x_wconf 77' lang='lat' dir='ltr'>tamen:</span> 
     </span>
     <span class='ocr_line' id='line_1_11' title="bbox 147 1179 879 1299; baseline 0.071 -72"><span class='ocrx_word' id='word_1_64' title='bbox 147 1179 260 1235; x_wconf 79' lang='lat' dir='ltr'>Colacem</span> <span class='ocrx_word' id='word_1_65' title='bbox 270 1204 317 1238; x_wconf 87' lang='lat' dir='ltr'>esse</span> <span class='ocrx_word' id='word_1_66' title='bbox 327 1194 418 1255; x_wconf 77' lang='lat' dir='ltr'>Naevii,</span> <span class='ocrx_word' id='word_1_67' title='bbox 429 1200 454 1247; x_wconf 91' lang='lat'>&amp;</span> <span class='ocrx_word' id='word_1_68' title='bbox 465 1199 541 1254; x_wconf 85' lang='lat' dir='ltr'>Plauti</span> <span class='ocrx_word' id='word_1_69' title='bbox 551 1220 653 1264; x_wconf 81' lang='lat' dir='ltr'>veterem</span> <span class='ocrx_word' id='word_1_70' title='bbox 664 1212 787 1274; x_wconf 82' lang='lat' dir='ltr'>labulnms</span> <span class='ocrx_word' id='word_1_71' title='bbox 848 1248 879 1299; x_wconf 75' lang='lat'>²5</span> 
     </span>
     <span class='ocr_line' id='line_1_12' title="bbox 146 1269 716 1358; baseline 0.074 -44"><span class='ocrx_word' id='word_1_72' title='bbox 146 1269 243 1319; x_wconf 77' lang='lat' dir='ltr'>Parasiti</span> <span class='ocrx_word' id='word_1_73' title='bbox 251 1287 376 1337; x_wconf 83' lang='lat' dir='ltr'>personam</span> <span class='ocrx_word' id='word_1_74' title='bbox 385 1281 441 1334; x_wconf 88' lang='lat' dir='ltr'>inde</span> <span class='ocrx_word' id='word_1_75' title='bbox 451 1284 556 1342; x_wconf 83' lang='lat' dir='ltr'>ablatam</span> <span class='ocrx_word' id='word_1_76' title='bbox 565 1324 573 1352; x_wconf 91' lang='lat'>‚</span> <span class='ocrx_word' id='word_1_77' title='bbox 586 1287 613 1345; x_wconf 51' lang='lat' dir='ltr'>¹dt</span> <span class='ocrx_word' id='word_1_78' title='bbox 622 1301 716 1358; x_wconf 77' lang='lat' dir='ltr'>militis.</span> 
     </span>
    </p>
   </div>
   <div class='ocr_carea' id='block_1_4' title="bbox 144 1355 824 1528">
    <p class='ocr_par' dir='ltr' id='par_1_6' title="bbox 144 1355 824 1528">
     <span class='ocr_line' id='line_1_13' title="bbox 147 1355 824 1450; baseline 0.072 -48"><span class='ocrx_word' id='word_1_79' title='bbox 147 1355 208 1405; x_wconf 80' lang='lat' dir='ltr'>siid</span> <span class='ocrx_word' id='word_1_80' title='bbox 219 1373 253 1408; x_wconf 87' lang='lat' dir='ltr'>est</span> <span class='ocrx_word' id='word_1_81' title='bbox 262 1376 400 1427; x_wconf 82' lang='lat' dir='ltr'>peccatum,</span> <span class='ocrx_word' id='word_1_82' title='bbox 416 1387 538 1438; x_wconf 81' lang='lat' dir='ltr'>peccatum</span> <span class='ocrx_word' id='word_1_83' title='bbox 551 1382 710 1450; x_wconf 72' lang='lat' dir='ltr'>imprudentld</span> <span class='ocrx_word' id='word_1_84' title='bbox 719 1410 754 1446; x_wconf 90' lang='lat' dir='ltr'>est</span> <span class='ocrx_word' id='word_1_85' title='bbox 822 1401 824 1404; x_wconf 80' lang='grc'><strong>’</strong></span> 
     </span>
     <span class='ocr_line' id='line_1_14' title="bbox 144 1445 748 1528; baseline 0.066 -39"><span class='ocrx_word' id='word_1_86' title='bbox 144 1445 234 1505; x_wconf 69' lang='lat' dir='ltr'>Poetae,</span> <span class='ocrx_word' id='word_1_87' title='bbox 246 1461 297 1498; x_wconf 89' lang='lat' dir='ltr'>non</span> <span class='ocrx_word' id='word_1_88' title='bbox 307 1454 348 1519; x_wconf 88' lang='lat' dir='ltr'>qui</span> <span class='ocrx_word' id='word_1_89' title='bbox 359 1452 450 1509; x_wconf 87' lang='lat' dir='ltr'>furtum</span> <span class='ocrx_word' id='word_1_90' title='bbox 459 1463 532 1514; x_wconf 81' lang='lat' dir='ltr'>lacere</span> <span class='ocrx_word' id='word_1_91' title='bbox 542 1468 669 1528; x_wconf 80' lang='lat' dir='ltr'>studuerit.</span> <span class='ocrx_word' id='word_1_92' title='bbox 733 1492 748 1515; x_wconf 93' lang='lat'>·-</span> 
     </span>
    </p>
   </div>
   <div class='ocr_carea' id='block_1_5' title="bbox 53 1531 875 2881">
    <p class='ocr_par' dir='ltr' id='par_1_7' title="bbox 142 1531 728 1623">
     <span class='ocr_line' id='line_1_15' title="bbox 142 1531 728 1623; baseline 0.067 -41"><span class='ocrx_word' id='word_1_93' title='bbox 142 1531 172 1584; x_wconf 82' lang='lat' dir='ltr'>Id</span> <span class='ocrx_word' id='word_1_94' title='bbox 182 1536 216 1586; x_wconf 88' lang='lat' dir='ltr'>ita</span> <span class='ocrx_word' id='word_1_95' title='bbox 227 1555 288 1601; x_wconf 85' lang='lat' dir='ltr'>esse,</span> <span class='ocrx_word' id='word_1_96' title='bbox 301 1559 345 1594; x_wconf 83' lang='lat' dir='ltr'>vos</span> <span class='ocrx_word' id='word_1_97' title='bbox 358 1550 406 1612; x_wconf 84' lang='lat' dir='ltr'>jam</span> <span class='ocrx_word' id='word_1_98' title='bbox 417 1551 518 1616; x_wconf 80' lang='lat' dir='ltr'>judicare</span> <span class='ocrx_word' id='word_1_99' title='bbox 526 1564 644 1623; x_wconf 78' lang='lat' dir='ltr'>poteritis.</span> <span class='ocrx_word' id='word_1_100' title='bbox 727 1608 728 1611; x_wconf 66' lang='lat'>,</span> 
     </span>
    </p>

    <p class='ocr_par' dir='ltr' id='par_1_8' title="bbox 53 1601 875 1731">
     <span class='ocr_line' id='line_1_16' title="bbox 53 1601 875 1731; baseline 0.075 -62"><span class='ocrx_word' id='word_1_101' title='bbox 53 1601 54 1608; x_wconf 9' lang='grc' dir='ltr'>ἵ</span> <span class='ocrx_word' id='word_1_102' title='bbox 142 1628 220 1682; x_wconf 83' lang='lat' dir='ltr'>colax</span> <span class='ocrx_word' id='word_1_103' title='bbox 229 1637 355 1690; x_wconf 83' lang='lat' dir='ltr'>Menandri</span> <span class='ocrx_word' id='word_1_104' title='bbox 366 1659 415 1694; x_wconf 83' lang='lat' dir='ltr'>est:</span> <span class='ocrx_word' id='word_1_105' title='bbox 425 1649 451 1698; x_wconf 87' lang='lat' dir='ltr'>in</span> <span class='ocrx_word' id='word_1_106' title='bbox 463 1665 490 1700; x_wconf 90' lang='lat' dir='ltr'>ea</span> <span class='ocrx_word' id='word_1_107' title='bbox 499 1668 534 1703; x_wconf 86' lang='lat' dir='ltr'>esc</span> <span class='ocrx_word' id='word_1_108' title='bbox 540 1661 654 1722; x_wconf 78' lang='lat' dir='ltr'>parasitus</span> <span class='ocrx_word' id='word_1_109' title='bbox 664 1665 756 1731; x_wconf 68' lang='lat' dir='ltr'>colax,</span> <span class='ocrx_word' id='word_1_110' title='bbox 843 1683 875 1730; x_wconf 74' lang='lat'>3⁰</span> 
     </span>
    </p>

    <p class='ocr_par' dir='ltr' id='par_1_9' title="bbox 141 1721 741 1811">
     <span class='ocr_line' id='line_1_17' title="bbox 141 1721 741 1811; baseline 0.06 -42"><span class='ocrx_word' id='word_1_111' title='bbox 141 1722 170 1770; x_wconf 76' lang='lat' dir='ltr'>Et</span> <span class='ocrx_word' id='word_1_112' title='bbox 180 1721 248 1773; x_wconf 83' lang='lat' dir='ltr'>miles</span> <span class='ocrx_word' id='word_1_113' title='bbox 257 1725 373 1792; x_wconf 78' lang='lat' dir='ltr'>gloriosus</span> <span class='ocrx_word' id='word_1_114' title='bbox 382 1745 389 1777; x_wconf 77' lang='lat' dir='ltr'><strong><em>z</em></strong></span> <span class='ocrx_word' id='word_1_115' title='bbox 399 1749 438 1783; x_wconf 81' lang='lat' dir='ltr'>eae</span> <span class='ocrx_word' id='word_1_116' title='bbox 447 1753 471 1785; x_wconf 92' lang='lat' dir='ltr'>se</span> <span class='ocrx_word' id='word_1_117' title='bbox 480 1754 532 1792; x_wconf 88' lang='lat' dir='ltr'>non</span> <span class='ocrx_word' id='word_1_118' title='bbox 541 1757 612 1811; x_wconf 81' lang='lat' dir='ltr'>negat</span> <span class='ocrx_word' id='word_1_119' title='bbox 636 1793 640 1800; x_wconf 92' lang='lat'><em>.</em></span> <span class='ocrx_word' id='word_1_120' title='bbox 726 1799 727 1804; x_wconf 75' lang='grc'>,</span> <span class='ocrx_word' id='word_1_121' title='bbox 739 1761 741 1766; x_wconf 86' lang='grc'><strong>’</strong></span> 
     </span>
    </p>

    <p class='ocr_par' dir='ltr' id='par_1_10' title="bbox 139 1813 685 1902">
     <span class='ocr_line' id='line_1_18' title="bbox 139 1813 685 1902; baseline 0.064 -43"><span class='ocrx_word' id='word_1_122' title='bbox 139 1813 251 1865; x_wconf 80' lang='lat' dir='ltr'>Personae</span> <span class='ocrx_word' id='word_1_123' title='bbox 262 1817 403 1872; x_wconf 74' lang='lat' dir='ltr'>transtulisse</span> <span class='ocrx_word' id='word_1_124' title='bbox 414 1824 440 1874; x_wconf 92' lang='lat' dir='ltr'>in</span> <span class='ocrx_word' id='word_1_125' title='bbox 450 1829 589 1882; x_wconf 79' lang='lat' dir='ltr'>Eunuchum</span> <span class='ocrx_word' id='word_1_126' title='bbox 599 1852 667 1893; x_wconf 80' lang='lat' dir='ltr'>suant</span> <span class='ocrx_word' id='word_1_127' title='bbox 673 1873 685 1902; x_wconf 89' lang='lat'>,</span> 
     </span>
    </p>

    <p class='ocr_par' dir='ltr' id='par_1_11' title="bbox 138 1904 630 1992">
     <span class='ocr_line' id='line_1_19' title="bbox 138 1904 630 1992; baseline 0.061 -42"><span class='ocrx_word' id='word_1_128' title='bbox 138 1904 173 1952; x_wconf 84' lang='lat' dir='ltr'>Ex</span> <span class='ocrx_word' id='word_1_129' title='bbox 183 1909 276 1956; x_wconf 74' lang='lat' dir='ltr'>Grata:</span> <span class='ocrx_word' id='word_1_130' title='bbox 287 1907 326 1958; x_wconf 84' lang='lat' dir='ltr'>sed</span> <span class='ocrx_word' id='word_1_131' title='bbox 337 1927 374 1962; x_wconf 88' lang='lat' dir='ltr'>eas</span> <span class='ocrx_word' id='word_1_132' title='bbox 383 1913 476 1968; x_wconf 88' lang='lat' dir='ltr'>fabulas</span> <span class='ocrx_word' id='word_1_133' title='bbox 485 1919 557 1974; x_wconf 75' lang='lat' dir='ltr'>ranas</span> <span class='ocrx_word' id='word_1_134' title='bbox 564 1929 630 1992; x_wconf 82' lang='lat' dir='ltr'>prius</span> 
     </span>
    </p>

    <p class='ocr_par' dir='ltr' id='par_1_12' title="bbox 138 1996 633 2086">
     <span class='ocr_line' id='line_1_20' title="bbox 138 1996 633 2086; baseline 0.057 -47"><span class='ocrx_word' id='word_1_135' title='bbox 138 1996 234 2046; x_wconf 80' lang='lat' dir='ltr'>Latinas</span> <span class='ocrx_word' id='word_1_136' title='bbox 243 2029 250 2052; x_wconf 86' lang='lat'>,</span> <span class='ocrx_word' id='word_1_137' title='bbox 259 2003 325 2052; x_wconf 87' lang='lat' dir='ltr'>scisse</span> <span class='ocrx_word' id='word_1_138' title='bbox 334 2021 398 2066; x_wconf 80' lang='lat' dir='ltr'>sere,</span> <span class='ocrx_word' id='word_1_139' title='bbox 411 2007 437 2059; x_wconf 87' lang='lat' dir='ltr'>id</span> <span class='ocrx_word' id='word_1_140' title='bbox 446 2011 503 2062; x_wconf 73' lang='lat' dir='ltr'>versi</span> <span class='ocrx_word' id='word_1_141' title='bbox 512 2031 633 2086; x_wconf 79' lang='lat' dir='ltr'>pernegat.</span> 
     </span>
    </p>

    <p class='ocr_par' dir='ltr' id='par_1_13' title="bbox 138 2087 867 2192">
     <span class='ocr_line' id='line_1_21' title="bbox 138 2087 867 2192; baseline 0.064 -60"><span class='ocrx_word' id='word_1_142' title='bbox 138 2087 211 2142; x_wconf 84' lang='lat' dir='ltr'>Quod</span> <span class='ocrx_word' id='word_1_143' title='bbox 222 2091 241 2138; x_wconf 82' lang='lat' dir='ltr'>si</span> <span class='ocrx_word' id='word_1_144' title='bbox 249 2097 352 2157; x_wconf 83' lang='lat' dir='ltr'>personis</span> <span class='ocrx_word' id='word_1_145' title='bbox 361 2099 449 2152; x_wconf 83' lang='lat' dir='ltr'>eisdem</span> <span class='ocrx_word' id='word_1_146' title='bbox 460 2105 494 2154; x_wconf 87' lang='lat' dir='ltr'>uti</span> <span class='ocrx_word' id='word_1_147' title='bbox 504 2105 557 2159; x_wconf 87' lang='lat' dir='ltr'>aliis</span> <span class='ocrx_word' id='word_1_148' title='bbox 567 2123 617 2164; x_wconf 85' lang='lat' dir='ltr'>non</span> <span class='ocrx_word' id='word_1_149' title='bbox 627 2109 699 2192; x_wconf 67' lang='lat' dir='ltr'>licet,</span> <span class='ocrx_word' id='word_1_150' title='bbox 722 2144 723 2147; x_wconf 58' lang='lat'><em>=</em></span> <span class='ocrx_word' id='word_1_151' title='bbox 768 2169 770 2178; x_wconf 82' lang='grc'><strong>,</strong></span> <span class='ocrx_word' id='word_1_152' title='bbox 836 2137 867 2192; x_wconf 75' lang='lat'>35</span> 
     </span>
    </p>

    <p class='ocr_par' dir='ltr' id='par_1_14' title="bbox 136 2177 699 2270">
     <span class='ocr_line' id='line_1_22' title="bbox 136 2177 699 2270; baseline 0.06 -45"><span class='ocrx_word' id='word_1_153' title='bbox 136 2177 188 2240; x_wconf 80' lang='lat' dir='ltr'>Qui</span> <span class='ocrx_word' id='word_1_154' title='bbox 197 2187 272 2250; x_wconf 84' lang='lat' dir='ltr'>magis</span> <span class='ocrx_word' id='word_1_155' title='bbox 282 2184 337 2238; x_wconf 89' lang='lat' dir='ltr'>licet</span> <span class='ocrx_word' id='word_1_156' title='bbox 345 2204 477 2245; x_wconf 87' lang='lat' dir='ltr'>currentem</span> <span class='ocrx_word' id='word_1_157' title='bbox 485 2213 578 2250; x_wconf 87' lang='lat' dir='ltr'>servum</span> <span class='ocrx_word' id='word_1_158' title='bbox 588 2185 699 2270; x_wconf 72' lang='lat' dir='ltr'>scribei&#39;e.</span> 
     </span>
    </p>

    <p class='ocr_par' dir='ltr' id='par_1_15' title="bbox 135 2273 782 2357">
     <span class='ocr_line' id='line_1_23' title="bbox 135 2273 782 2357; baseline 0.051 -38"><span class='ocrx_word' id='word_1_159' title='bbox 135 2273 212 2320; x_wconf 81' lang='lat' dir='ltr'>Bonas</span> <span class='ocrx_word' id='word_1_160' title='bbox 222 2287 341 2326; x_wconf 84' lang='lat' dir='ltr'>matronas</span> <span class='ocrx_word' id='word_1_161' title='bbox 351 2277 440 2341; x_wconf 85' lang='lat' dir='ltr'>facere,</span> <span class='ocrx_word' id='word_1_162' title='bbox 456 2290 586 2340; x_wconf 78' lang='lat' dir='ltr'>meretrices</span> <span class='ocrx_word' id='word_1_163' title='bbox 595 2292 670 2345; x_wconf 81' lang='lat' dir='ltr'>malas</span> <span class='ocrx_word' id='word_1_164' title='bbox 676 2330 688 2357; x_wconf 91' lang='lat'>,</span> <span class='ocrx_word' id='word_1_165' title='bbox 778 2320 782 2327; x_wconf 83' lang='lat'>·</span> 
     </span>
    </p>

    <p class='ocr_par' dir='ltr' id='par_1_16' title="bbox 66 2360 655 2446">
     <span class='ocr_line' id='line_1_24' title="bbox 66 2360 655 2446; baseline 0.059 -45"><span class='ocrx_word' id='word_1_166' title='bbox 66 2371 68 2374; x_wconf 95' lang='lat'>·</span> <span class='ocrx_word' id='word_1_167' title='bbox 81 2372 83 2376; x_wconf 95' lang='lat'>·</span> <span class='ocrx_word' id='word_1_168' title='bbox 135 2360 266 2414; x_wconf 82' lang='lat' dir='ltr'>Parasitum</span> <span class='ocrx_word' id='word_1_169' title='bbox 276 2365 383 2431; x_wconf 83' lang='lat' dir='ltr'>edacem,</span> <span class='ocrx_word' id='word_1_170' title='bbox 394 2371 525 2440; x_wconf 85' lang='lat' dir='ltr'>gloriosum</span> <span class='ocrx_word' id='word_1_171' title='bbox 535 2381 655 2446; x_wconf 86' lang='lat' dir='ltr'>mllitem,</span> 
     </span>
    </p>

    <p class='ocr_par' dir='ltr' id='par_1_17' title="bbox 134 2445 704 2534">
     <span class='ocr_line' id='line_1_25' title="bbox 134 2445 704 2534; baseline 0.061 -43"><span class='ocrx_word' id='word_1_172' title='bbox 134 2445 238 2497; x_wconf 85' lang='lat' dir='ltr'>Puerum</span> <span class='ocrx_word' id='word_1_173' title='bbox 246 2455 362 2517; x_wconf 84' lang='lat' dir='ltr'>supponi,</span> <span class='ocrx_word' id='word_1_174' title='bbox 372 2455 426 2508; x_wconf 89' lang='lat' dir='ltr'>falli</span> <span class='ocrx_word' id='word_1_175' title='bbox 437 2476 480 2528; x_wconf 80' lang='lat' dir='ltr'>per</span> <span class='ocrx_word' id='word_1_176' title='bbox 488 2477 596 2526; x_wconf 74' lang='lat' dir='ltr'>sermm,</span> <span class='ocrx_word' id='word_1_177' title='bbox 607 2485 704 2534; x_wconf 80' lang='lat' dir='ltr'>sennn,</span> 
     </span>
    </p>

    <p class='ocr_par' dir='ltr' id='par_1_18' title="bbox 135 2535 600 2628">
     <span class='ocr_line' id='line_1_26' title="bbox 135 2535 600 2628; baseline 0.067 -47"><span class='ocrx_word' id='word_1_178' title='bbox 135 2535 238 2600; x_wconf 82' lang='lat' dir='ltr'>Amare,</span> <span class='ocrx_word' id='word_1_179' title='bbox 253 2543 341 2604; x_wconf 85' lang='lat' dir='ltr'>odisse,</span> <span class='ocrx_word' id='word_1_180' title='bbox 359 2549 600 2628; x_wconf 76' lang='lat' dir='ltr'>suspicacienenique</span> 
     </span>
    </p>

    <p class='ocr_par' dir='ltr' id='par_1_19' title="bbox 135 2625 803 2726">
     <span class='ocr_line' id='line_1_27' title="bbox 135 2625 803 2726; baseline 0.051 -52"><span class='ocrx_word' id='word_1_181' title='bbox 135 2629 161 2676; x_wconf 89' lang='lat' dir='ltr'>N</span> <span class='ocrx_word' id='word_1_182' title='bbox 163 2625 235 2678; x_wconf 81' lang='lat' dir='ltr'>ullum</span> <span class='ocrx_word' id='word_1_183' title='bbox 245 2644 278 2682; x_wconf 82' lang='lat' dir='ltr'>err</span> <span class='ocrx_word' id='word_1_184' title='bbox 285 2636 335 2696; x_wconf 69' lang='lat' dir='ltr'>iam</span> <span class='ocrx_word' id='word_1_185' title='bbox 345 2637 431 2691; x_wconf 73' lang='lat' dir='ltr'>dilium</span> <span class='ocrx_word' id='word_1_186' title='bbox 440 2676 449 2702; x_wconf 90' lang='lat'>,</span> <span class='ocrx_word' id='word_1_187' title='bbox 466 2645 528 2712; x_wconf 81' lang='lat' dir='ltr'>quod</span> <span class='ocrx_word' id='word_1_188' title='bbox 538 2651 619 2701; x_wconf 72' lang='lat' dir='ltr'>nonsit</span> <span class='ocrx_word' id='word_1_189' title='bbox 631 2651 719 2704; x_wconf 63' lang='lat' dir='ltr'>diuum</span> <span class='ocrx_word' id='word_1_190' title='bbox 729 2655 803 2726; x_wconf 76' lang='lat' dir='ltr'>psius·</span> 
     </span>
    </p>

    <p class='ocr_par' dir='ltr' id='par_1_20' title="bbox 132 2716 803 2881">
     <span class='ocr_line' id='line_1_28' title="bbox 132 2716 803 2808; baseline 0.046 -43"><span class='ocrx_word' id='word_1_191' title='bbox 132 2716 213 2777; x_wconf 75' lang='lat' dir='ltr'>Quare</span> <span class='ocrx_word' id='word_1_192' title='bbox 222 2729 360 2788; x_wconf 79' lang='lat' dir='ltr'>aquurassr</span> <span class='ocrx_word' id='word_1_193' title='bbox 369 2741 413 2782; x_wconf 80' lang='lat' dir='ltr'>tot</span> <span class='ocrx_word' id='word_1_194' title='bbox 422 2743 574 2800; x_wconf 69' lang='lat' dir='ltr'>cognoscere,</span> <span class='ocrx_word' id='word_1_195' title='bbox 588 2750 661 2806; x_wconf 86' lang='lat' dir='ltr'>arque</span> <span class='ocrx_word' id='word_1_196' title='bbox 670 2740 803 2808; x_wconf 77' lang='lat' dir='ltr'>ignoscere,</span> 
     </span>
     <span class='ocr_line' id='line_1_29' title="bbox 608 2831 659 2881; baseline 0.059 -3"><span class='ocrx_word' id='word_1_197' title='bbox 608 2831 659 2881; x_wconf 77' lang='lat' dir='ltr'>da</span> 
     </span>
    </p>
   </div>
   <div class='ocr_carea' id='block_1_6' title="bbox 853 792 884 832">
    <p class='ocr_par' dir='ltr' id='par_1_21' title="bbox 853 792 884 832">
     <span class='ocr_line' id='line_1_30' title="bbox 853 792 884 832; baseline 0.161 -4"><span class='ocrx_word' id='word_1_198' title='bbox 853 792 884 832; x_wconf 72' lang='lat'>20</span> 
     </span>
    </p>
   </div>
   <div class='ocr_carea' id='block_1_7' title="bbox 0 0 1076 3678">
    <p class='ocr_par' dir='ltr' id='par_1_22' title="bbox 0 0 1076 3678">
     <span class='ocr_line' id='line_1_31' title="bbox 0 0 1076 3678; baseline 0 9"><span class='ocrx_word' id='word_1_199' title='bbox 0 0 1076 3678; x_wconf 95' lang='lat' dir='ltr'> </span> 
     </span>
    </p>
   </div>
   <div class='ocr_carea' id='block_1_8' title="bbox 831 2594 927 2644">
    <p class='ocr_par' dir='ltr' id='par_1_23' title="bbox 831 2594 927 2644">
     <span class='ocr_line' id='line_1_32' title="bbox 831 2594 927 2644; baseline 0.021 -2"><span class='ocrx_word' id='word_1_200' title='bbox 831 2594 927 2644; x_wconf 76' lang='lat'>4⁸.</span> 
     </span>
    </p>
   </div>
  </div>
 </body>
</html>
