2144 3678
787 243 852 305 117

170 543 249 642 M.
287 541 473 642 ANT.
509 542 860 680 MURE'TI

321 754 708 818 Anoumarvrrsnr
939 841 941 846 Ι

225 910 311 994 IN
351 911 840 1014 EUNUCHUM.¹

169 1071 323 1196 Civis
343 1135 461 1216 quidam
474 1134 656 1200 Atheniensis
677 1138 784 1216 filiam,
808 1139 854 1205 cui

54 1298 56 1300 ,
169 1233 344 1318 Pamphila,
360 1239 392 1302 &
404 1238 514 1313 filium,
527 1243 573 1302 cui
585 1239 733 1304 Chremeti
743 1263 853 1304 nomen

168 1355 256 1411 erat,
280 1338 390 1402 habuit.
428 1337 473 1402 Ex
498 1341 531 1400 iis
557 1339 736 1422 Pamphilam
758 1339 852 1404 adhuc

167 1435 340 1506 infantulam
353 1445 504 1525 praedones
520 1467 639 1526 rapuere
657 1466 673 1508 e
690 1445 800 1508 Sunio,
818 1440 852 1504 δι

169 1550 321 1608 mercatori
338 1548 452 1608 cuidam
465 1547 583 1610 Rhodio
595 1545 770 1610 vendidere:
784 1547 852 1626 qui,

170 1645 310 1708 Rhodum
320 1647 471 1710 advestam
481 1694 491 1722 ‚
503 1649 663 1720 meretrici,
675 1665 763 1728 quam
774 1664 852 1710 ama·

167 1743 237 1818 bat,
256 1743 335 1806 dono
355 1746 445 1808 dedit.
468 1743 541 1806 Haec
556 1763 705 1826 acceptam
724 1744 851 1825 puellam

77 1851 80 1858 '
164 1849 231 1927 ¹pari
243 1869 310 1910 cura
321 1870 355 1910 ac
367 1848 481 1920 studio,
493 1869 559 1909 cum
569 1847 682 1908 Thaide
693 1846 750 1908 fitia
762 1848 851 1928 coepit

168 1949 312 2028 educere,
326 1973 414 2014 nemo
434 1968 465 2012 ut
478 1969 553 2014 esset
566 1954 616 2034 qui
630 1972 688 2012 non
701 1968 851 2033 utramque

168 2074 205 2112 err
221 2056 284 2135 ipsa
304 2057 431 2137 genitam
449 2075 512 2117 esre
527 2055 717 2116 arbitraretur.
741 2051 849 2126 Thais,

169 2174 233 2235 quae
246 2154 446 2236 grandiuscula
462 2170 543 2230 erat,
562 2157 628 2216 cum
644 2154 760 2216 adeam
777 2169 850 2216 aeta·

168 2272 229 2318 tem
245 2257 442 2338 pervenisset,
460 2271 493 2316 ut
510 2257 577 2318 viris
598 2256 711 2338 placere
728 2274 848 2338 posset,

169 2375 348 2430 maternam,
360 2371 392 2416 ut
404 2352 458 2430 fit,
475 2355 593 2418 vivendi
612 2358 753 2418 rationem
772 2357 849 2417 inse.

168 2471 254 2529 euta,
265 2475 332 2516 cunt
344 2453 457 2535 hospite
471 2454 598 2534 quodam
611 2454 741 2516 Athenas
752 2457 849 2530 venit,

114 2607 117 2613 .
168 2556 218 2634 qui
230 2575 296 2615 eam
310 2569 413 2634 postea
426 2555 550 2615 moriens
565 2555 710 2616 haeredem
727 2553 849 2634 reliquit.

168 2659 283 2726 Interea
303 2659 406 2736 miles,
425 2652 541 2722 Thraso
562 2655 700 2722 nomine.
723 2655 761 2719 ad
783 2674 851 2722 eam
