2110 3688
219 264 338 357 ¹>ninii
368 268 550 342 urorum
569 271 784 348 Varenum.

236 418 343 482 idioma
353 421 471 485 'alterius
484 427 606 511 linguae,
627 449 685 490 suae
701 428 806 512 linguae
823 433 923 514 erepti.v

236 540 297 583 mat
309 527 482 606 proprietate
497 551 503 588 r
524 531 733 613 quodquidam
745 531 777 592 &
791 530 923 594 Tullium
960 573 978 580 —

237 620 266 684 in
283 617 441 702 Protagora
457 623 606 700 Platonis,
625 625 657 685 &
675 628 705 684 in
728 625 924 690 OEconomico

238 725 464 811 Xenophontis,
485 732 518 796 δι
540 737 569 794 in
586 733 796 794 Demosthenis
820 752 924 798 contra

237 839 406 900 AEschinem
428 843 558 904 oratione
579 839 680 903 fecisse
701 842 923 920 convincimus,

135 978 137 983 -
238 934 271 999 δι
296 937 452 1014 Plautum,
474 939 669 1016 Terentium,
692 937 925 1023 Caetiliumque,

239 1022 446 1102 eruditissimos
472 1045 549 1106 viros
571 1045 600 1104 in
623 1042 734 1105 Graecis
760 1042 923 1106 comedis

238 1133 450 1203 transferendis.

405 1257 514 1338 Idem,
533 1257 580 1325 ad
596 1256 786 1330 Paulinum.

278 1406 376 1470 Habet
395 1406 621 1490 unumquodque
647 1412 828 1492 propositum
847 1409 926 1494 prin·

238 1509 317 1592 cipes
336 1529 414 1572 suos.
438 1506 565 1572 Romani
586 1507 674 1574 duces
696 1514 842 1576 imitentur
862 1511 926 1577 ca-

239 1603 355 1686 millos,
375 1610 520 1674 Fabricios
538 1656 547 1687 ,
573 1609 725 1697 Regulos,
751 1616 920 1698 Scipiones:

239 1712 404 1798 Philosophi
425 1730 590 1798 proponant
612 1715 664 1778 albi
690 1715 924 1799 Pythagoram,

240 1811 391 1879 Socratem
402 1859 412 1894 ,
425 1815 594 1892 Platonem,
609 1816 812 1882 Aristotelem:
826 1816 923 1880 Po'e'rae

240 1915 409 1978 aemulentur
419 1915 602 1991 Homerum,
615 1914 788 1997 Virgilium,
801 1913 927 1978 Menan·

240 2019 343 2092 drum,
359 2018 540 2080 Terentium.

240 2147 409 2238 Pronus
424 2164 619 2246 onosma,
632 2163 690 2234 lib.
700 2163 724 2232 Ι
725 2167 768 2236 V.
777 2189 845 2260 cap.
859 2187 873 2238 z
879 2185 923 2260 9.

280 2316 377 2399 Scipio
390 2314 449 2397 jam
461 2331 529 2378 tunc
543 2331 740 2398 cognomento
751 2315 927 2396 Africanus,¹

240 2419 418 2500 triumphans
439 2415 552 2478 Urbem
571 2418 714 2500 ingressus
737 2434 781 2480 est
802 2462 813 2495 ,
837 2439 926 2502 quem

221 2527 222 2530 ’
241 2519 415 2596 Terentius,
435 2521 485 2602 qui
499 2537 602 2600 postea
618 2519 779 2599 Comicus,
794 2543 831 2586 ex
844 2522 926 2587 nobi.

241 2623 313 2686 libus
334 2622 621 2706 Carthaginiensium
640 2626 760 2708 captivis
782 2616 923 2709 pileatus,

241 2727 322 2818 guod
338 2727 540 2792 indultae-sibi
559 2726 697 2794 libertatis
717 2731 834 2818 insigne
850 2729 927 2816 fuit,
1045 2733 1048 2752 ¹
