2098 3678
139 219 191 272 tri
201 200 809 295 HrAvrortrrrtonvMErrorr.243

122 342 301 403 seneclutem
313 342 421 402 miseris
432 339 526 400 modis
537 344 711 404 excruciaret
720 363 814 404 suam·
832 394 836 402 .

123 452 257 514 Profedlo
276 451 394 526 Clinia,
414 452 553 530 l’hilrera,
578 475 659 535 quar,
679 473 711 514 ut
732 454 812 529 dixi,

124 564 280 645 Antiphila
295 567 448 646 putabatur
462 585 573 638 mater,
592 583 756 629 extremum
769 569 814 628 vi·

123 690 161 735 tae
175 674 253 735 diem
268 695 362 737 morte
380 675 514 737 confecit.
538 675 651 748 Clinia,
670 677 739 740 citm
752 676 813 756 jam
901 743 911 754 ἱ

123 802 237 843 menses
267 799 324 846 tres
348 765 510 862 abfuisset,
536 791 636 848 anticas
667 787 812 850 desiderio

123 908 277 968 reversus,
296 913 357 955 non
378 916 463 956 ausus
478 914 522 956 est
539 900 612 978 patri
624 919 658 958 se
678 899 707 958 in
724 919 812 958 cons-

123 1005 240 1085 pellum
257 1006 342 1084 dare,
364 1011 512 1091 antiquam
532 1009 605 1070 illius
625 1012 813 1090 asperitatem

122 1118 247 1175 veritus:
262 1115 315 1176 sed
328 1116 365 1178 ad
379 1114 580 1200 Clitiphonem
600 1114 766 1178 Chremetis
776 1112 813 1174 ti-

123 1221 195 1283 lium
214 1223 349 1297 divertit,
369 1227 487 1308 quicum
501 1249 607 1310 magna
621 1231 674 1311 ipsi
689 1251 705 1288 a
718 1247 811 1310 puero

121 1332 297 1396 familiaritas
309 1339 517 1400 intercesserat.
541 1337 689 1422 Clitipho,
703 1335 810 1398 sodalis

121 1444 214 1507 reditu
225 1446 326 1522 laetus,
340 1449 450 1530 Syrum
463 1448 495 1509 ἃ
510 1447 696 1510 Dromonem
709 1467 810 1509 servos

119 1552 205 1636 (jam
225 1571 324 1616 autem
344 1555 625 1636 advesperascebat)
642 1559 670 1617 in
687 1554 810 1625 urbem,

123 1660 161 1720 ad
173 1659 372 1720 arcersendam
387 1661 586 1744 Antiphilam,
600 1662 697 1720 mittit.
719 1664 813 1739 Expo.

123 1787 220 1832 suerat
234 1791 270 1830 eo
291 1772 354 1850 ipso
368 1769 414 1830 die
430 1769 621 1832 Menedemus
642 1770 812 1842 Chremeti,

122 1898 234 1962 quanto
247 1880 300 1941 sihi
311 1879 453 1940 desiderio
467 1900 543 1942 esset
556 1879 648 1940 filius:
668 1899 770 1960 parum
781 1892 812 1937 ut

124 1984 247 2049 abfuerit
268 1990 336 2069 quin
360 1984 525 2062 Chremes,
547 1988 613 2048 clim
634 1988 759 2067 primum
775 1982 812 2044 de

123 2091 216 2152 reditu
231 2091 335 2154 Cliniae
349 2093 479 2172 accepit,
502 2096 629 2154 mitteret
640 2092 689 2181 qui
700 2091 726 2152 ei
739 2109 815 2150 nun.

122 2209 217 2274 tiaret.
241 2205 395 2270 Continuit
414 2226 510 2270 tamen
524 2229 555 2270 se
570 2210 598 2268 in
612 2206 689 2268 diem
708 2223 812 2287 poste-

121 2344 185 2384 rum
196 2345 206 2398 ;
219 2323 298 2405 quod
311 2329 350 2385 ita
362 2325 453 2405 magis
466 2343 481 2383 e
493 2343 524 2382 re
540 2319 614 2380 illius
623 2319 690 2380 lore
707 2339 810 2379 cense-

125 2455 170 2500 ret
190 2437 304 2524 Syrus,
324 2460 439 2501 summa
457 2457 558 2498 servus
577 2433 612 2504 ,ἃ
635 2431 754 2493 audatia
775 2429 811 2492 ἃ

126 2556 251 2625 astutia,
265 2555 312 2634 qui
325 2555 391 2614 clim
405 2552 584 2633 Antiphilam
594 2567 707 2610 tantum
720 2568 814 2608 arces·

125 2687 187 2730 sete
206 2663 298 2745 jussus
309 2681 410 2740 esset,
430 2665 517 2725 etiam
531 2659 705 2724 Bacchidem
718 2659 812 2720 addu-

591 2765 617 2810 X
637 2779 649 2810 2
