2110 3688
225 263 319 356 „xviij
358 266 548 337 Prieni!
582 263 827 336 Tanaum

230 431 349 492 homine
366 430 475 504 desto,
498 429 531 492 &
550 432 598 511 qui
614 429 820 493 Consularib'rss
840 427 916 494 indit

231 523 343 596 initium
363 534 462 594 fecerit
482 532 641 594 fabularum
659 535 844 594 dandarum:
868 535 918 595 vel

218 681 220 688 .
233 637 300 716 Qu.
313 637 401 696 Fabio
419 635 570 709 Labeone,
586 636 618 696 δι
631 637 674 698 Μ.
688 640 817 719 Popilio,
837 637 920 699 Con·

215 795 216 801 ,
232 736 319 798 sulani
335 759 476 821 utroque,
494 765 526 803 ar
543 745 641 825 poitd.
664 745 735 805 Ideo
753 747 846 824 ipsum
860 765 921 806 non

234 841 540 930 juvenendesigndsse
557 852 606 932 qui
628 873 658 912 se
679 849 821 930 adjuvisse
840 850 919 910 dice-

235 963 355 1020 rentur,
371 951 424 1010 sed
437 953 536 1025 viros,
552 971 675 1030 quorum
689 972 827 1032 operam,
845 952 877 1013 &
891 952 922 1012 in

234 1048 332 1124 bello,
354 1049 385 1110 dr
400 1055 524 1122 inodo,
549 1051 582 1113 δε
601 1054 635 1112 in
644 1055 778 1132 negorio,
796 1053 921 1133 populus

235 1149 272 1208 sit
293 1152 438 1228 expertus-i
464 1149 533 1208 Post
552 1148 643 1208 editas
662 1148 822 1208 comoedias
842 1169 920 1208 non-

236 1252 307 1312 dum
329 1256 460 1333 quintum
480 1271 566 1334 atque
590 1255 766 1314 tricesimum
789 1275 922 1336 egressus

236 1375 368 1427 annum,
390 1358 478 1418 causi
500 1358 642 1420 evitandae
665 1360 831 1440 opinionis,
854 1360 923 1439 quia
1014 1373 1018 1382 '

236 1456 389 1518 videbatur
406 1460 499 1521 aliena
515 1482 568 1542 pro
585 1463 643 1522 suis
660 1461 746 1524 edere
755 1481 767 1538 3
785 1483 836 1522 seu
853 1481 923 1540 per-

237 1555 360 1635 cipiendi
386 1556 558 1620 Graecorurn
583 1559 712 1619 instituta
741 1577 924 1640 moresque,

141 1723 145 1727 ,
238 1675 312 1735 quos
327 1653 450 1734 perinde.
458 1656 633 1734 exprimeret·
642 1657 672 1714 in
683 1657 813 1737 scriptis,
827 1677 927 1739 egres·

239 1774 287 1816 sus
301 1754 410 1814 Urbem
423 1772 486 1827 est,
505 1776 599 1835 neque
616 1756 739 1836 amplios
757 1758 849 1820 rediit·
872 1755 925 1822 De

239 1872 333 1916 morte
352 1854 413 1934 ejus
431 1855 583 1918 Volcatius
598 1858 702 1918 tradit:

270 1994 321 2047 Sed
330 2009 356 2045 nt
369 1996 424 2064 Aser
434 2014 476 2046 rex
485 1997 566 2066 populo
581 1999 654 2049 edidit
668 1997 804 2058 romoedias,

272 2085 321 2131 lter
334 2081 385 2132 binc
394 2084 423 2132 ¹in
438 2085 518 2133 Asiam
528 2082 602 2149 fecit:
617 2088 698 2136 navim
712 2086 762 2138 crini
776 2080 845 2136 simil

273 2167 418 2234 Conscendit,
432 2170 498 2220 visus
506 2187 620 2238 nunquam
632 2183 674 2221 eit.
691 2169 731 2219 sic
743 2169 798 2220 vira*
810 2181 891 2222 natat.

281 2292 346 2375 Qu.
362 2292 520 2357 Consetius
533 2297 702 2358 redeuntem
715 2317 731 2358 e
745 2295 860 2358 Graecia
870 2317 925 2378 pe·

240 2398 318 2457 riisse
331 2397 360 2455 in
372 2395 443 2454 mari
461 2395 528 2456 dicit
541 2418 607 2457 curn
620 2415 737 2458 centum
753 2395 784 2458 δι
796 2395 862 2458 odio
874 2396 925 2459 fa·

242 2495 316 2557 bolis
331 2496 477 2554 conversis
493 2516 510 2555 a
524 2495 697 2559 Menandro.
727 2495 828 2561 Ceteri
840 2516 922 2558 rnor-

240 2613 322 2654 tuum
344 2615 407 2656 esse
427 2598 456 2655 in
475 2595 608 2658 Arcadia
632 2597 835 2680 Stymphalo,
862 2599 926 2659 sive

209 2733 212 2739 -
242 2697 389 2764 Leucadii
408 2698 522 2766 tradunt
543 2744 554 2781 ,
579 2699 637 2771 Cn·
663 2700 805 2776 ,Cornelio
829 2697 928 2766 Dinia-
