2098 3678
177 179 707 250 Heautourtutouvmuos,
735 191 797 269 263

328 318 380 362 CL
398 319 408 362 1
426 318 447 360 T
464 317 473 360 1
491 318 507 362 P
526 319 546 362 H
564 319 595 365 0.

213 403 276 462 Quia
284 402 348 450 enim
356 403 471 450 incettum
478 413 512 448 eet
520 403 606 459 etiam,
620 398 678 465 quid
685 417 707 450 se
717 400 797 454 faciatt

636 487 710 535 modo
720 493 800 542 venite

115 575 194 626 Timet
203 576 297 624 omnint
309 573 380 639 pattis
390 573 449 624 itam
456 607 465 633 ‚
481 576 506 622 δε
515 576 622 624 animum
630 581 709 626 amicat
716 593 739 625 se
748 593 802 642 erge

183 681 209 714 ut
221 669 250 714 sit
261 680 321 713 suae:

115 753 171 800 Eam
188 753 269 800 misere
282 765 345 800 amat
361 767 366 796 ε
386 765 480 816 propter
499 767 551 801 eam
566 753 614 799 haec
630 751 715 810 tutha,
731 767 801 819 atque
814 778 858 824 190

561 842 635 890 abitio
647 845 735 891 evenit.

339 935 358 978 C
375 937 398 980 H
416 935 437 980 R
453 936 469 980 E
486 935 514 980 M
531 937 547 980 E
565 937 588 983 S.

738 1025 799 1075 Scio.

322 1113 341 1156 C
358 1113 375 1157 L
393 1113 402 1155 Ι
421 1113 442 1156 T
459 1111 469 1156 1
488 1114 504 1157 P
521 1113 544 1157 H
561 1113 595 1158 0.

112 1195 183 1243 Nunc
194 1192 311 1243 servulum
322 1195 351 1244 ad
364 1211 417 1244 eam
426 1198 452 1244 in
461 1196 542 1246 urbem
551 1199 632 1258 misit,
646 1201 671 1247 dc
686 1216 730 1266 ego
740 1215 798 1250 not·
882 1234 888 1244 ·

177 1292 241 1327 trum
255 1293 302 1327 una
313 1283 405 1342 sytum.

322 1397 381 1442 CH
398 1398 420 1444 R
435 1399 452 1444 E
470 1399 497 1444 M
514 1399 531 1444 E
548 1400 570 1446 S.
595 1411 597 1414 ·

110 1481 174 1542 Quid
188 1491 281 1532 narrati

319 1577 339 1620 G
356 1576 373 1619 L
391 1575 401 1618 Ι
418 1577 439 1619 T
456 1575 467 1618 1
483 1577 500 1618 P
518 1576 541 1620 H
558 1576 589 1620 O.

270 1656 334 1716 Quid
344 1656 401 1706 ilie?
411 1674 434 1706 se
443 1661 555 1707 miserunt
564 1673 620 1708 este.

335 1773 354 1816 C
371 1773 395 1816 H
411 1773 433 1820 R
448 1774 465 1818 E
483 1775 510 1818 M
528 1776 543 1818 E
561 1777 583 1820 S.

497 1855 708 1914 Miserum!Quem
715 1855 794 1906 minut

645 1944 793 1994 ctedeteest?

106 2029 172 2092 Quid
182 2027 267 2097 reliqui
276 2043 322 2084 est,
336 2033 395 2101 quin
403 2033 488 2083 habeat
495 2047 547 2098 quae
553 2031 651 2099 quidem
662 2034 687 2082 iu
695 2036 793 2086 homine

172 2115 282 2168 dicuntur
296 2118 376 2168 bonai

104 2190 211 2256 Parentes
220 2241 228 2266 ,
238 2210 339 2272 patriam
349 2208 510 2268 incolumem,
520 2207 625 2266 amicos,
640 2223 712 2274 genus
720 2241 729 2267 ‚
737 2221 792 2272 cog·

172 2310 256 2356 natos,
268 2298 379 2349 divitias:

105 2385 183 2448 Atque
201 2385 249 2433 haec
266 2387 364 2452 perinde
377 2399 448 2444 sunt,
466 2398 492 2436 ut
506 2384 570 2435 illiue
583 2385 690 2444 animus,
706 2387 789 2452 quiea
806 2395 846 2442 ¹95

169 2466 287 2530 possidete

103 2551 153 2610 Qui
174 2552 209 2598 uti
222 2554 280 2614 scit,
302 2555 324 2606 ei
339 2557 417 2614 bonae
431 2557 485 2618 ilii,
500 2557 541 2626 qui
559 2571 610 2608 non
625 2559 700 2608 utitur
713 2559 784 2618 teste,

170 2641 242 2696 mula.
