2098 3678
254 243 318 286 212
366 217 554 285 Purrrr
581 211 827 278 Trurrrrrr

251 351 380 418 Capillum.
399 348 548 398 Monstrum!
559 347 631 396 etiem
642 343 706 394 ultro
716 344 819 394 derisum
833 343 946 402 advenit.

509 439 530 481 T
547 435 570 480 H
587 435 609 480 A
628 434 637 478 1
655 435 676 487 S,

195 524 243 570 860
253 523 322 574 Abin·
333 525 404 581 hinc,
415 523 514 572 insane?

478 609 495 653 1³
511 607 532 652 Y
548 608 568 650 T
582 607 606 652 H
623 606 633 649 1
651 604 672 650 A
691 607 712 650 S.

509 695 575 758 Quid
586 698 620 744 ita
629 703 700 745 vero?
711 694 827 754 debeam,

254 791 345 849 Credo,
358 789 396 840 isti
406 792 532 857 quicquam
541 787 667 843 furcifero,
680 788 699 834 si
711 785 736 834 id
746 786 856 847 fecerim,

252 877 378 926 Praerertim
388 873 441 924 curu
452 893 475 924 se
483 891 577 926 servum
585 874 686 924 fateatur
694 875 776 922 tuum!

512 969 533 1015 T
550 968 574 1012 H
590 965 612 1012 A
630 966 640 1010 1
658 968 681 1012 S.

254 1050 328 1100 Missa
337 1051 386 1100 hec
396 1049 517 1099 faciamus.
534 1051 593 1096 Nou
602 1061 625 1097 te
637 1046 752 1114 dignum,
766 1050 874 1110 Chaerer,

253 1132 348 1180 Fecisti:
361 1147 433 1187 nam,
446 1132 465 1178 ri
474 1145 519 1194 ego
530 1129 601 1194 digna
613 1129 657 1176 hec
667 1129 811 1180 contumelia

197 1213 243 1273 865
255 1219 310 1268 Sum
320 1217 438 1269 maxime,
448 1226 472 1260 ar
484 1226 510 1259 ru
517 1212 629 1278 indignus
639 1217 680 1278 qui
690 1213 774 1264 faceres
783 1227 873 1264 temen.

254 1297 338 1358 Neque
348 1290 449 1358 edepol,
462 1289 521 1356 quid
532 1305 595 1338 nunc
605 1290 699 1340 consilii
707 1293 815 1357 capiam,
826 1297 892 1351 scio,

253 1387 290 1431 De
300 1383 392 1446 virgine
403 1381 474 1428 ierac:
489 1379 524 1427 ite
537 1379 682 1427 conturbasti
693 1381 756 1427 mihi

253 1469 366 1514 Rationes
372 1479 471 1522 omues,
485 1477 512 1512 ut
523 1480 575 1513 eam
584 1479 635 1513 non
647 1469 735 1531 poseim
747 1467 808 1524 ruis,

165 1548 170 1564 ¹
255 1561 292 1604 ita
302 1567 328 1602 ut
338 1570 431 1621 equum
441 1553 534 1613 fueret,
545 1569 615 1622 etque
625 1568 651 1604 ur
662 1553 754 1613 studui,
767 1552 875 1612 tradere,
886 1567 914 1603 ur

197 1649 210 1695 ἲ
214 1665 245 1708 70
255 1646 361 1696 solidum
370 1661 474 1712 peterem
484 1646 531 1694 hoc
541 1646 603 1693 mihi
613 1643 755 1695 beneficium
765 1677 773 1704 ,
787 1646 892 1694 cheren.

486 1743 505 1788 C
523 1744 545 1788 Η
562 1745 589 1788 AE
606 1743 626 1788 R
643 1743 659 1787 E
676 1742 710 1788 Α.

255 1827 288 1872 At
298 1840 361 1874 nunc
371 1825 456 1875 dehinc
464 1844 531 1894 spero
540 1843 651 1878 aerernam
665 1829 727 1877 inter
741 1844 784 1879 uos
793 1831 892 1896 gratiam

253 1912 308 1960 Fore
314 1941 324 1968 ‚
334 1911 415 1962 Thais.
433 1914 496 1982 Sae'pe
509 1930 537 1962 ex
549 1910 686 1978 hujusmodi
697 1927 722 1962 re
732 1919 860 1980 quapiam,
873 1917 898 1964 δε

255 1993 323 2044 Male
333 2013 362 2044 ex
373 1998 481 2064 principio
495 2017 577 2065 magna
586 1997 740 2064 familiaritas

256 2083 358 2149 conflata
368 2097 409 2134 est.
426 2087 506 2144 Quid,
522 2093 540 2136 si
553 2091 600 2137 hoc
612 2090 728 2155 quispiam
738 2087 816 2138 voluit
828 2091 905 2137 Deus?

511 2186 531 2228 T
549 2186 572 2229 H
587 2183 608 2231 Α
625 2185 634 2228 1
651 2187 673 2230 S.

198 2269 242 2327 875
254 2263 366 2332 Equidem
376 2263 419 2334 pol
429 2266 456 2315 in
464 2281 516 2316 earn
527 2281 618 2332 partem
629 2267 782 2334 accipioque,
799 2267 824 2314 δι
836 2264 904 2317 volo.

380 2387 385 2396 .
479 2352 499 2395 C
516 2352 539 2396 H
557 2353 585 2398 AE
602 2352 624 2398 R
643 2349 707 2396 EA.

256 2436 334 2482 immo
346 2434 378 2482 ira
386 2449 473 2500 queso.
490 2438 572 2482 Unum
584 2434 629 2483 hoc
638 2436 713 2492 rcito,
724 2429 874 2482 contumelia

233 2567 240 2576 ,
255 2517 313 2564 Nou
322 2533 361 2566 me
370 2520 449 2567 fecisse
459 2534 545 2575 caure,
558 2517 597 2567 sed
608 2521 704 2571 amoris.

511 2607 679 2657 THAIS.

715 2673 781 2734 Seio,
