2098 3678
165 209 697 277 HEAUTONTIMORUMENO&
724 230 787 298 255

333 343 352 387 C
370 343 392 386 H
409 341 432 387 R
448 342 464 385 E
482 340 510 384 M
526 339 543 384 Ε
561 341 583 386 S.

110 437 129 488 Si
141 431 199 499 quiei
210 431 296 480 laboris
307 444 351 486 est,
364 424 455 475 nollem
466 439 472 467 ε
485 422 525 471 sed
537 423 599 472 istud
610 422 669 489 quid
677 424 735 473 mali
744 435 792 476 est!

110 526 208 579 Quaeso,
220 519 279 585 quid
290 516 319 566 de
330 530 352 564 te
362 527 455 562 tantum
466 512 588 558 meruisti!

286 608 314 652 M
331 608 347 652 E
363 605 387 651 N
404 607 420 650 E
436 607 459 650 D
476 604 538 650 EM
556 605 578 649 U
596 606 618 652 S.

608 698 677 753 Heu,
688 693 745 742 hoi!

320 791 379 835 CH
400 789 498 838 REM
515 790 531 834 E
548 790 572 838 S.

113 877 149 923 Ne
166 872 283 930 lacruma,
301 886 371 938 atque
382 875 452 930 istuc,
470 871 583 938 quicquid
599 886 649 932 est,
663 873 701 923 fae
716 891 754 924 me
770 887 797 924 ut

178 970 260 1004 sciam.
745 954 753 966 ¹

114 1049 151 1094 Ne
162 1049 229 1094 retice
239 1062 246 1092 z
255 1060 284 1092 ne
296 1059 375 1094 verere
384 1040 486 1101 :.crede,
502 1045 613 1109 inquam,
624 1045 700 1092 mihi:
807 1056 835 1116 35

114 1142 162 1188 Aut
172 1138 337 1195 consolando,
347 1151 388 1186 aut
398 1137 512 1195 consilio,
525 1152 565 1185 aut
575 1153 598 1186 te
611 1141 701 1202 juvero.

290 1231 623 1282 MENAEDEMUS.
694 1249 695 1252 ¹

115 1320 290 1373 Scitehocvis÷
643 1305 647 1310 ¹

326 1410 346 1454 c
362 1409 386 1452 H
403 1409 425 1456 R
441 1407 457 1454 E
473 1407 502 1455 M
519 1409 535 1454 E
551 1410 576 1460 S·

308 1499 359 1543 Hac
369 1483 437 1542 cauea
447 1494 574 1560 equidem,
584 1511 632 1562 qua
642 1493 691 1545 dixi
700 1493 755 1546 tibi.

292 1589 321 1633 M
338 1586 395 1632 EN
413 1588 429 1631 E
445 1589 467 1632 D
484 1587 501 1630 E
518 1587 546 1630 M
563 1587 584 1632 U
600 1587 625 1634 8.

117 1654 221 1704 Dicetur.

343 1743 362 1786 C
381 1739 403 1784 H
422 1741 443 1786 R
459 1739 480 1784 Ε·
492 1737 520 1781 Μ
535 1739 552 1782 E
568 1739 592 1786 8.

248 1830 280 1875 At
291 1827 348 1874 istos
359 1839 442 1873 rastros
452 1824 540 1873 interea
549 1837 629 1872 tamen

119 1927 231 1988 Depone:
246 1933 275 1966 ne
288 1914 379 1963 labora.

297 2005 326 2050 M
343 2001 397 2048 EN
414 2002 431 2046 E
447 2001 470 2046 D
486 2001 503 2044 E
519 1999 547 2044 M
564 1997 628 2046 118.

393 2088 506 2136 Minime.

316 2233 318 2236 ⁸
346 2181 365 2224 C
382 2180 406 2225 H
423 2177 445 2225 R
461 2177 478 2222 Ε
495 2176 523 2221 Μ
540 2176 556 2220 Ε
571 2177 594 2224 S.

507 2261 586 2315 Quam
597 2269 645 2302 rem
656 2255 723 2320 agis?

297 2353 326 2397 M
342 2353 358 2398 E
375 2351 398 2396 N
415 2352 432 2396 E
448 2352 472 2396 D
488 2349 505 2394 E
522 2347 549 2390 M
566 2347 588 2390 U
605 2346 627 2391 S.

121 2440 175 2488 Sine
185 2452 238 2496 me,
255 2453 355 2488 vacuum
367 2453 458 2503 tempus
469 2433 574 2502 nequod
585 2431 652 2482 duim
662 2433 722 2482 mihi

124 2525 229 2577 Laboris.

350 2596 369 2640 C
386 2593 409 2638 H
425 2591 479 2638 RE
495 2590 522 2635 M
538 2591 556 2636 Ε
572 2590 595 2637 S.

239 2682 297 2728 Non
306 2679 398 2738 situm,
409 2681 516 2744 inquam.
