2098 3678
339 295 642 367 Protocus
760 323 825 395 qr

142 433 208 481 Nam
217 425 282 496 quod
288 420 396 482 'tumores
407 433 548 486 distulerunt
557 438 689 500 malevoli,

143 521 234 571 Multas
245 523 415 572 contaminasse
429 529 534 584 Graecas,
553 527 611 577 dum
622 529 679 578 facit

142 617 227 661 Paucas
238 615 344 663 Latinas:
361 612 449 663 fastum
464 617 502 664 hic
515 633 563 665 csse
575 618 599 666 id
615 635 665 668 non
679 635 765 686 negat,

142 705 226 766 Neque
235 719 258 750 se
268 702 291 751 id
302 707 395 770 pigere,
406 707 430 752 ὅ(
442 705 526 755 deinde
537 706 653 757 facturum
664 723 780 762 autumat.

143 787 221 836 Habet
230 789 349 838 bonorum
360 789 494 855 exemplum
504 813 510 842 r
520 808 569 856 quo
579 795 690 859 exemplo
699 794 743 843 sibi

142 881 219 930 Licere
231 881 255 928 id
266 880 355 938 facere,
371 879 437 946 quod
449 879 486 928 illi
496 881 617 939 fecerunt,
633 899 708 949 putat.

125 964 128 971 “
142 971 205 1016 Tum
217 968 282 1034 quod
294 969 427 1018 malevolus
438 985 503 1018 vetus
515 975 585 1035 po'e'ta
594 959 699 1032 ditarat,

142 1061 245 1123 Repente
255 1057 285 1106 ad
296 1059 401 1107 studium
408 1059 476 1124 ¹huuc
485 1075 508 1107 se
517 1057 643 1123 applicasse
654 1061 789 1121 musicum,

142 1145 253 1196 Amicfim
263 1150 359 1214 ingenio
369 1148 472 1205 fretum,
484 1148 546 1198 haud
558 1163 641 1199 natura
650 1141 692 1200 sua‘
697 1165 705 1197 s

85 1250 87 1256 ¹
140 1235 401 1289 Arbitrium-vestrum,
414 1247 490 1281 vestra
498 1235 641 1281 existimatio

140 1324 243 1375 Valebit.
262 1325 423 1384 Quamobrem
432 1339 514 1372 omnes
524 1339 567 1370 vos
576 1337 656 1370 oratos
665 1322 739 1382 volo,

140 1413 178 1460 Ne
190 1412 242 1477 plus
252 1406 361 1476 iniquum
371 1411 459 1475 possit,
475 1424 547 1474 quam
556 1405 650 1474 aqudm
658 1413 747 1460 orario.

140 1495 215 1542 Facite
226 1495 362 1558 aquisitis,
378 1493 432 1541 date
444 1490 560 1542 crescendi
574 1493 684 1556 copiam,

139 1579 266 1626 Novarum
277 1581 319 1643 qui
331 1577 448 1642 spectandi
461 1575 552 1625 faciunt
565 1581 675 1641 cupiam,

139 1665 194 1712 stne
203 1665 266 1711 vitiis
278 1683 283 1710 z
297 1678 326 1711 ne
336 1662 376 1712 ille
386 1680 461 1729 prose
471 1665 560 1714 distum
574 1669 712 1728 existumet,

140 1755 189 1812 Qui
201 1749 273 1816 nuper
282 1749 337 1800 fecit
347 1769 413 1801 servo
422 1755 524 1806 currenti
535 1755 610 1801 invia

140 1841 236 1887 Decesse
246 1835 376 1901 populum:
390 1819 430 1884 cu'r
439 1839 523 1886 insano
536 1841 635 1886 serviat?

140 1925 177 1972 De
186 1921 250 1970 illius
259 1923 357 1985 peccatis
367 1919 436 1986 plura
445 1921 507 1971 dicet
514 1954 523 1980 ,
537 1920 591 1970 cum
601 1921 667 1971 dabit

139 2008 204 2058 Alias
213 2023 304 2062 novas,
315 2010 360 2056 nisi
370 2006 443 2057 finem
452 2007 581 2058 maledictis
595 2009 660 2061 facit.

139 2093 227 2143 Adeste
237 2109 303 2158 aequo
315 2096 412 2142 animo:
426 2093 480 2142 date
492 2105 633 2159 pptertatem
643 2093 723 2152 mihi,

138 2187 261 2234 Statariam
271 2199 336 2250 agere
347 2198 373 2233 ut
384 2184 451 2232 liceat
461 2199 501 2248 per
511 2181 646 2234 silentium:

139 2281 178 2326 Ne
186 2296 274 2345 semper
284 2295 362 2329 servus
372 2295 480 2334 currens,
496 2268 566 2328 iratus
579 2294 664 2336 senex,

139 2364 203 2415 Edax
213 2369 339 2433 parasitus,
355 2368 500 2432 sycophanta
514 2381 592 2414 autem
605 2365 746 2432 impudens,

140 2457 231 2504 Avarus
243 2456 312 2509 leno,
325 2455 414 2504 assidue
427 2453 511 2520 agendi
526 2459 572 2502 siut
584 2455 662 2510 mihi,

140 2536 251 2585 clamore
264 2552 372 2591 summo,
385 2551 440 2584 cum
453 2533 531 2583 labore
541 2549 661 2583 maxumo.
838 2545 869 2591 40

141 2617 198 2668 Med
210 2617 293 2677 causi,
306 2634 400 2668 causam
412 2621 473 2668 hauc
485 2625 570 2683 justam
580 2634 628 2667 esse
641 2621 747 2668 animum
756 2615 825 2666 iudu-

206 2703 251 2748 cite
260 2733 267 2755 ‚

139 2788 174 2837 Ut
184 2784 264 2852 aliqua
275 2799 326 2853 pars
335 2783 420 2835 laboris
428 2787 546 2836 minuatur
555 2785 630 2834 mihi:
