2098 3678
251 159 318 224 242
407 141 804 224 Anovnrrrrrvrr

249 279 389 340 annulum
413 281 451 344 de
470 283 561 365 digito
581 287 742 359 detradium
759 317 838 374 suo,
860 299 946 381 jussit

249 406 282 449 ut
302 390 359 450 uni
382 411 449 452 curn
469 395 565 472 puella
586 419 756 480 exponeret.
784 403 839 484 ld,
861 413 946 492 quod

247 523 312 567 turn
329 502 414 564 stulte
434 505 541 569 fadum
563 513 655 575 videri
679 537 815 598 poterat,
834 547 944 606 postea

248 615 353 695 puellae
377 617 460 678 saluti
475 617 555 682 fuit:
580 623 643 719 ejos
664 630 741 690 enirn
764 637 861 696 annuli
881 660 943 722 ope

247 727 367 788 tnndern
383 730 480 809 agnita
498 747 542 790 est
553 754 570 792 a
583 736 649 796 suis.
671 737 773 814 Anus,
787 761 943 828 acceptam

247 833 395 913 puellam,
410 835 591 918 Antiphilam
608 847 739 908 nominat
748 891 760 922 ,
775 851 942 940 educitque

248 964 280 1006 ut
294 969 387 1012 suem.
411 949 503 1025 Earn,
519 957 585 1021 cirin
597 959 791 1040 adolevisset,
807 968 940 1052 andsque

248 1055 321 1118 iilius
335 1057 392 1120 filia
406 1077 573 1144 putaretur,
595 1069 766 1136 Menedemi
779 1075 854 1142 filius
871 1084 939 1148 Cli-

246 1170 294 1230 nia
307 1174 417 1251 perdite
430 1198 528 1244 amare
539 1187 648 1268 coepit,
661 1211 753 1272 prope
765 1192 825 1274 jam
836 1216 870 1259 ut
881 1221 938 1282 pro

245 1293 336 1341 uxore
356 1283 484 1350 haberet.
515 1291 612 1371 Quod
629 1298 677 1360 ubi
697 1306 813 1368 rescivit
832 1329 937 1392 patet,

244 1399 285 1458 ita
301 1387 449 1464 ¹violenter
471 1407 561 1482 tuiit,
584 1427 615 1471 ut
635 1411 746 1492 filium,
766 1426 937 1494 assiduitate
1025 1503 1026 1506 Ἴ

242 1505 375 1588 jurgandi
386 1554 395 1584 ‚
419 1511 493 1574 clam
515 1519 669 1586 militatum
689 1528 718 1590 in
732 1531 836 1598 Asiam
854 1540 936 1604 abire

243 1619 381 1699 co'e'gerit.
403 1619 483 1684 Tum
492 1619 563 1690 vero
573 1634 621 1713 qui
630 1633 679 1696 filii
693 1659 823 1708 amorem
833 1652 936 1734 iniquo
1025 1659 1026 1720 i

244 1728 343 1788 animo
355 1728 471 1806 tulerat,
486 1736 578 1798 multo
589 1741 728 1822 iniquiore
740 1749 873 1831 ejusdem
882 1760 934 1819 ab·
1025 1781 1026 1840 ξ

129 1868 146 1878 .-
244 1835 367 1894 sentiam
387 1835 460 1898 ferre
479 1847 579 1924 coepit.
600 1846 702 1932 Itaque
716 1873 748 1916 ut
761 1857 797 1920 de
813 1882 845 1922 se
861 1886 932 1949 sup-

73 1929 89 1950 *
241 1937 359 2020 pliciunt
370 1945 480 2009 absenti
491 1947 551 2012 filio
564 1952 663 2044 deret,
677 1965 725 2044 qui
738 1986 805 2028 eum
819 1975 932 2038 saevitia
1025 1977 1026 2030 ἕ

240 2065 294 2108 sua
309 2056 438 2131 exegiset
455 2079 491 2119 ex
503 2061 633 2140 aedibus,
653 2070 749 2148 aedes,
767 2081 930 2160 supelleeti-

239 2152 319 2228 lem,
340 2154 478 2220 familiam
496 2166 615 2244 vendit,
636 2193 761 2254 praeter,
826 2189 832 2199 “
919 2197 928 2210 “

241 2389 417 2458 gentemque
430 2381 482 2441 sibi
496 2407 595 2468 agrurn
607 2414 773 2479 comparat,
786 2408 833 2468 ubi
845 2431 861 2470 a
871 2415 927 2492 pri·
1025 2463 1026 2500 3

240 2496 289 2536 ma
299 2479 363 2544 luce
376 2483 413 2544 ad
426 2487 541 2551 nodiem
552 2515 610 2556 non
625 2521 724 2566 servos
738 2512 828 2574 modo
841 2537 926 2580 exer-

241 2608 338 2671 ceret,
361 2617 463 2663 verunt
481 2608 570 2672 etiam
588 2611 678 2678 homo
698 2630 923 2712 sexagenarius,
