2144 3678
260 271 304 330 60
373 260 559 330 Puuzn
597 255 840 332 Tauium

201 417 247 467 540
260 402 318 457 Quae
327 397 420 464 incepta
430 413 445 447 a
454 396 549 464 parvis,
559 412 614 446 cum
624 413 690 448 aetate
700 398 804 456 adcrevit
814 397 903 459 simul,

260 494 348 554 Perque
359 487 453 538 unicam
461 500 557 552 gnatam
568 501 650 542 tuam,
660 488 686 534 δι
697 503 794 553 gnatum
805 506 900 548 meum,

261 582 334 641 Cujus
342 578 386 626 tibi
398 591 498 643 potestas
510 593 602 628 summe
612 577 721 626 servandi
731 578 801 635 datut
807 610 817 637 ,

260 665 449 729 Utmeadjuves
459 664 585 713 inhaere:
596 678 667 730 atque
676 663 710 712 ita
716 696 725 722 ,
737 677 762 712 ut
772 663 860 733 nuptie

260 750 358 798 fuerant
368 745 468 806 futurae,
483 745 552 797 fiant.

476 837 722 884 CHREME&

584 919 638 974 Ah,
654 934 732 967 neme
744 915 855 964 obsecra:

204 1017 247 1066 545
263 1008 336 1066 Quasi
346 1008 393 1056 hoc
405 1020 429 1058 te
444 1005 534 1055 orando
546 1022 559 1055 a
572 1019 610 1054 me
623 1009 747 1070 impetrare
758 1015 873 1070 oporteat.

261 1102 345 1152 Alium
360 1119 406 1152 esse
421 1117 500 1150 censes
516 1117 579 1150 nunc
594 1119 649 1160 me,
667 1116 737 1166 atque
750 1102 810 1150 olim
819 1135 827 1159 ‚
843 1099 896 1149 clun
906 1097 953 1150 da·

326 1187 396 1235 bam?

262 1277 286 1326 Si
300 1277 326 1324 in
336 1291 385 1324 rem
395 1288 429 1325 est
440 1274 548 1338 utrique,
566 1287 593 1323 ut
603 1271 679 1332 fiant,
691 1271 775 1324 arcersl
786 1272 851 1338 jube.

264 1363 306 1413 Sed
317 1366 337 1412 si
347 1379 375 1413 ex
382 1379 409 1413 ea
419 1379 443 1411 te
451 1361 506 1428 plus
517 1362 576 1410 mali
585 1377 637 1420 est,
647 1379 719 1430 quam
728 1361 852 1413 commodi

264 1455 379 1520 Utrique,
391 1453 417 1505 id
427 1469 451 1503 te
460 1470 521 1512 oro,
531 1455 557 1501 in
568 1470 695 1505 commuue
703 1469 729 1504 ut
742 1455 867 1514 consulas,

206 1553 251 1602 550
265 1543 337 1602 Quasi
345 1539 438 1592 illatua
447 1539 478 1590 sit
485 1573 494 1600 ‚
507 1541 672 1609 Pamphilique
681 1546 779 1608 egosim
788 1557 863 1610 pater.

540 1650 581 1695 s1
599 1650 627 1696 M
644 1650 675 1695 0.

264 1741 344 1786 Immo
355 1734 389 1785 ita
398 1733 474 1794 volo,
485 1731 565 1800 itique
575 1734 688 1801 postulo,
700 1747 726 1784 ut
738 1731 793 1791 liat,
803 1735 917 1784 Chremee
986 1755 989 1761 ·

264 1830 348 1894 Neque
357 1826 474 1896 postulem
482 1825 524 1875 abs
531 1840 572 1882 te,
583 1828 629 1874 nisi
640 1825 689 1891 ipsa
699 1842 733 1874 res
742 1839 847 1876 moueat.

480 1919 500 1963 C
516 1920 540 1962 H
554 1919 608 1964 RE
625 1918 653 1962 M
669 1919 686 1963 E
702 1919 725 1966 8.

825 2001 891 2066 Quid
901 2009 951 2053 eet!

538 2093 554 2138 8
570 2093 580 2136 1
597 2093 625 2137 M
641 2093 674 2141 0.

264 2185 306 2232 11ae
315 2195 369 2232 suut
379 2181 441 2232 inter
452 2179 587 2244 Glycerium
598 2182 623 2228 δε
634 2193 742 2247 gnatum.

480 2271 499 2317 C
516 2273 539 2317 H
556 2273 577 2319 R
593 2272 610 2316 E
626 2271 654 2316 M
670 2272 687 2316 E
703 2272 726 2316 S.

765 2354 854 2407 Audio.
893 2370 899 2381 ·

541 2449 555 2494 S
571 2450 582 2494 1
599 2451 627 2495 M
643 2449 675 2494 0.

267 2537 304 2585 lte
313 2551 417 2602 magne,
430 2548 457 2586 ut
466 2547 555 2598 sperem
566 2549 632 2598 posse
642 2531 724 2584 avelli.

478 2625 497 2670 C
514 2626 537 2670 Η
555 2625 576 2672 R
591 2625 608 2672 E
625 2625 653 2671 M
669 2626 687 2671 Ε
703 2626 726 2670 S.

750 2704 850 2760 Fabula·
