2110 3688
328 231 388 293 ΙΝ
418 213 693 298 Arionem·
847 243 862 320 ς

177 348 246 394 nam
266 335 333 398 cum
351 339 439 400 ambo
460 361 517 402 una
530 342 559 401 in
571 339 657 404 funus
669 339 865 424 prodiissent,

176 434 279 494 accidit
290 453 340 512 ut,
351 439 446 518 positi
458 440 596 518 inignem
608 437 774 520 Chryside,
785 437 864 520 Glya

174 537 283 596 cerium
294 559 346 611 se,
359 560 418 620 prae
430 539 536 600 doloris
547 541 725 622 impatientia
736 583 746 613 ,
757 539 865 602 eodem

173 639 338 720 conjediura
353 645 508 708 videretur.
528 645 660 706 Accurrit
677 643 863 724 Pamphilus,

172 763 298 827 eamque
315 747 443 838 mediam
462 747 634 828 amplexus,-
654 748 696 806 ite
718 747 861 806 consolari
964 809 966 814 ,

172 850 282 931 coepit,
302 865 334 912 ut
344 851 479 933 plurimas
489 897 498 926 ,
510 855 686 935 minimeque
700 851 799 912 dubias
813 869 861 912 to·

170 949 227 1010 tius
241 951 282 1011 rei
300 950 522 1033 significationes
540 953 631 1016 daret.
659 951 761 1033 ltaque
778 953 860 1014 venit

170 1048 209 1135 ad
222 1047 375 1112 Simonem
386 1053 524 1133 postridie
540 1051 700 1132 Chremes,
714 1052 859 1114 conditio-

168 1168 238 1213 nem
248 1153 409 1212 renuntiat:
427 1152 602 1232 comperisse
613 1172 662 1223 se,
677 1151 858 1232 Pamphilum

167 1252 350 1333 peregrinam
371 1252 450 1314 illam
472 1252 577 1316 habere
598 1257 627 1315 in
648 1253 744 1314 uxoris
767 1250 855 1324 loeo,

166 1356 280 1430 nescius
300 1341 389 1418 ex'se
407 1371 505 1415 natam
528 1373 589 1414 osse
607 1372 690 1426 eam,
708 1373 796 1434 quant
813 1356 854 1416 ita

166 1458 350 1536 ¹contumeliae
369 1459 456 1519 causi
476 1459 656 1541 peregrinam
678 1461 851 1524 nominaret·

166 1559 324 1637 Gaudere,
338 1562 375 1622 ed
385 1583 415 1622 re
428 1562 587 1636 intellette,
601 1559 782 1644 Pamphilus:
799 1563 853 1624 do·

162 1664 222 1727 lere
232 1684 351 1740 eontra,
365 1686 399 1726 ac
408 1668 479 1748 tingi
489 1666 579 1728 Simo.
604 1667 733 1729 Advenit
743 1671 851 1734 interea

162 1765 246 1842 diet,
265 1769 314 1850 qui
332 1770 436 1848 nuptiis
456 1770 536 1829 initio
553 1767 644 1829 fuerat
663 1773 849 1850 praestitutus.

162 1865 247 1928 Simo
255 1910 267 1941 ,
288 1871 461 1930 veteratoris
473 1869 601 1952 quadarn
616 1869 791 1949 calliditate,
808 1875 850 1934 si·

160 1968 313 2030 molendas
332 1971 403 2044 sibi,
423 1970 459 2032 ad
477 1974 699 2054 pertentandum
718 1973 768 2038 filii
786 1981 849 2040 ani-
888 2032 890 2037 .

159 2091 261 2148 mum,
275 2075 388 2155 nuptias
401 2077 516 2136 statuit:
532 2077 588 2138 hoc
599 2077 747 2158 cogitans,
761 2080 784 2140 si
798 2080 848 2144 abe

1 2227 3 2243 r
79 2190 83 2196 '
159 2197 259 2240 nuere:
273 2177 371 2255 filius,
391 2201 493 2242 verant
512 2181 565 2242 sibi
580 2179 752 2263 objurgandi
771 2181 846 2244 illius

158 2305 277 2348 causam
289 2284 370 2362 fore:
381 2307 447 2368 quae
460 2285 497 2348 ad
508 2307 575 2348 eum
588 2285 666 2348 diem
679 2286 757 2348 nulla
774 2289 844 2349 satis

156 2384 233 2468 justa
242 2386 353 2448 fuerat:
367 2387 411 2450 sin
425 2405 586 2462 annueret,
603 2385 686 2448 facile
699 2408 749 2460 se,
761 2387 843 2470 quod

157 2491 264 2555 vellet,
284 2512 301 2551 a
322 2489 482 2580 Chremeta
497 2496 737 2576 impetraturum,
754 2510 843 2576 atque

156 2590 196 2651 ita
207 2611 291 2650 veras
304 2594 441 2673 nuptias,
460 2593 528 2655 Diis
542 2592 743 2676 adjuvantibus
756 2640 766 2667 ‚
782 2594 842 2658 fac·

155 2689 288 2767 tramiti.
319 2688 487 2756 Preteriens
510 2693 596 2776 igitur
612 2691 695 2822 apud
718 2692 839 2782 forum,

252 2779 259 2787 ’
421 2781 423 2787 ’
682 2787 693 2835 i
