2098 3678
157 323 209 374 tn
219 303 758 374 Hrnurourrrronurtsnon.
778 327 842 393 247

157 475 203 522 tre
220 481 294 532 suo,
317 461 364 539 qui
379 480 462 520 novae
476 474 573 539 nuprae
590 466 760 521 ornamenta
778 463 847 522 co'e'·

157 580 238 624 mat:
252 583 318 623 eam
331 563 481 640 pecuniam
492 579 691 621 numeraturus
708 578 752 620 est
769 559 847 621 Bac-

159 669 245 730 chidi.
267 668 332 728 Jam
349 685 447 729 aurem
467 669 505 729 ad
525 667 754 739 Menedemum,
776 665 846 748 Syri

159 776 297 848 hortatu,
321 775 470 836 transierat
490 773 631 848 Bacchis,
652 773 685 834 δι
705 793 742 832 eo
759 792 846 852 porn-

159 901 228 962 pam
242 901 360 941 omnem
375 903 457 942 suam
469 880 678 941 transduxerat.
701 876 845 940 Chremes

159 989 275 1068 primo,
297 1006 356 1045 non
375 988 442 1046 satis
462 985 613 1046 consilium
630 982 700 1043 illud
715 983 847 1064 probare.

161 1087 203 1148 At
216 1085 293 1146 illam
307 1103 404 1158 certe,
424 1087 516 1167 inquit
536 1083 650 1166 Syrus,
671 1082 846 1164 pecuniam,
905 1095 910 1119 l

160 1217 213 1278 pro
236 1215 293 1276 qua
314 1191 372 1252 filia
392 1209 442 1252 tua
464 1194 599 1274 opposita
621 1208 682 1251 erat
703 1191 847 1272 pignori,

80 1289 82 1294 ’
160 1299 230 1361 citm
248 1300 415 1375 dissolvas,
438 1299 532 1362 facere
545 1301 667 1362 honeste
682 1321 740 1360 non
752 1319 847 1381 potes.
931 1286 935 1291 ⁴

160 1405 225 1490 Ego
246 1428 345 1483 vero,
368 1409 460 1489 inquit
481 1406 652 1483 Chremes,
677 1407 848 1469 &libenter

158 1515 287 1596 quidem.
319 1513 416 1574 Immo
437 1533 529 1588 vero,
549 1512 612 1574 infir
640 1512 755 1595 Syrus,
777 1512 848 1573 dato

160 1641 226 1682 earn
239 1619 416 1699 Clitiphoni,
429 1597 525 1700 ηυὶὲᾶ
539 1619 713 1680 Bacchidem
725 1612 847 1688 defera't.

161 1717 207 1780 lta
222 1721 298 1779 enim
309 1717 417 1778 facilius
434 1719 532 1779 credet
550 1719 762 1794 Menedemus,
781 1741 848 1780 eam

161 1821 235 1882 illius
247 1841 317 1878 esse.
341 1817 384 1879 Sit
397 1820 436 1878 ita
447 1841 526 1885 sane.
547 1819 724 1881 Numeratur
738 1843 755 1884 a
767 1839 847 1901 patre

164 1927 325 2009 Clitiphoni
342 1929 486 2008 pecunia,
505 1949 594 2010 quam
613 1930 650 1990 ad
668 1933 849 1990 meretricem

161 2029 310 2114 perferret.
330 2027 444 2090 Interea
463 2045 526 2088 tota
545 2049 590 2089 res
616 2028 758 2112 detegitur
776 2052 784 2091 ι
804 2034 848 2092 in·

162 2135 273 2218 dignari
288 2130 451 2200 Chremes,
471 2129 503 2192 &
516 2129 660 2208 fremere,
680 2130 714 2194 δι
725 2133 848 2192 minitari

163 2261 192 2301 se
213 2242 311 2300 onmia
334 2238 511 2300 atrocissima
535 2237 669 2318 exempla
693 2236 847 2299 editurum.

163 2342 328 2424 Tandem,
353 2343 420 2404 clun
440 2344 516 2424 prius
540 2342 720 2423 Antiphilam
742 2341 846 2404 Cliniae

164 2447 334 2509 collocasset
353 2494 363 2524 ‚
390 2449 496 2529 partim
518 2444 715 2516 Menedemi,
742 2447 848 2527 partim

164 2551 260 2608 uxoris
280 2536 410 2628 precibus
437 2546 589 2622 delinitus,
608 2549 741 2629 ignoscit.
764 2545 848 2610 Cliti.

165 2651 224 2730 pho
236 2669 284 2720 se,
304 2649 404 2710 relidis
423 2651 587 2710 meretriciis
601 2650 849 2726 amoribus,uxu·

164 2737 227 2814 rem
240 2751 392 2836 ducturum.
402 2754 561 2833 pollicetur.
589 2754 668 2818 cum
689 2773 787 2818 autem
800 2777 849 2816 ce·

647 2864 674 2908 x
692 2865 707 2907 s
