2098 3678
131 307 182 362 [Ν
192 290 736 366 HeAurorrrrrrorturrenoN.
756 321 818 388 245

130 453 167 494 ne
184 434 253 494 dum
267 452 299 494 tu
316 449 344 494 te
362 452 480 494 censeas
501 433 582 492 oneri
602 430 725 495 ferendo
739 433 823 513 fore,

130 535 155 594 si
176 550 205 592 te
227 532 265 614 illi
288 547 429 611 perpetuo
450 533 611 614 sumptibus
639 539 823 618 suppeditare

130 653 275 719 oporteat.
299 637 384 715 Quin
397 651 428 694 tu
441 617 481 695 ita
491 639 587 717 potius
602 641 692 719 agito.
711 641 825 704 Huma-

129 759 167 801 ne
179 739 296 821 quidem
308 737 340 799 δι
354 740 476 800 comiter
487 741 611 820 excipito
626 739 718 802 filium
725 764 736 819 ;
746 745 824 810 istud

129 862 230 906 tamen
251 860 311 903 tam
328 845 474 924 impotens
491 844 564 906 illins
586 840 759 910 desiderium
772 869 830 914 oc·'

128 945 240 1008 cultum
258 945 376 1006 habeto.
398 944 480 1006 Tum
495 949 519 1005 si
531 944 601 1022 ille,
620 951 700 1030 quod
721 956 822 1016 amicae

129 1057 200 1134 det,
223 1076 255 1119 ut
274 1059 403 1133 habeat,
428 1056 593 1120 machinam
614 1060 769 1125 advershm
790 1083 821 1131 te

127 1169 255 1251 aliquam
274 1181 385 1240 struet,
404 1163 463 1225 falli
478 1182 507 1226 te
521 1167 620 1230 sinito.
642 1166 688 1228 lta
702 1167 735 1230 δι
751 1189 820 1232 eum

126 1275 310 1337 commodius
333 1273 469 1334 retinebis
491 1272 569 1354 apud
592 1289 646 1344 te,
667 1270 701 1335 &
718 1292 821 1354 sump-

126 1395 209 1438 tuum
221 1375 307 1436 facies
320 1377 425 1437 minus.
441 1373 513 1434 Haec
526 1371 689 1448 Chremes,
702 1373 817 1433 nescius

128 1482 178 1553 (ut
193 1496 259 1539 sunt
275 1479 422 1552 humana)
444 1477 592 1538 oculatum
607 1475 675 1538 foris
688 1499 750 1540 esse
765 1499 817 1552 se,

126 1600 237 1639 caecuna
257 1577 347 1638 domi.
384 1575 498 1638 Interea
524 1581 600 1637 enim
626 1577 819 1640 meditabatur

128 1678 242 1760 Syrus,
263 1677 367 1738 decem
384 1679 496 1749 minas,
517 1696 588 1758 quas
605 1675 741 1740 Bacchidi
756 1681 820 1762 pol.

124 1783 217 1844 licitus
232 1795 293 1840 erat
307 1778 397 1852 date,
414 1797 462 1838 eas
474 1776 625 1859 quomodo
640 1778 681 1839 illi
693 1802 709 1840 a
725 1780 820 1843 Chre.

125 1904 205 1950 mete
225 1888 289 1967 ipso
310 1883 475 1946 conficeret.
502 1884 626 1966 Jamque
648 1888 715 1948 inibi
734 1907 816 1967 etat,

125 1993 194 2053 cum
207 2011 272 2051 eum
290 1973 434 2052 Chremes
454 2007 599 2070 arreptum
616 1991 721 2053 blande
738 2015 818 2056 com·

125 2102 233 2184 pellat,
254 2101 441 2181 horteturque
463 2100 589 2180 aliquam
611 2099 648 2160 ad
670 2100 816 2164 Menede-

124 2229 206 2270 mum
217 2207 359 2274 fallaciam
370 2211 514 2274 moliatur.
533 2210 634 2291 lnjecit
643 2214 672 2271 in
682 2233 817 2277 sermone

125 2308 218 2390 Syrus
232 2313 415 2375 mendacium
432 2335 449 2374 a
468 2335 499 2376 se
519 2334 573 2393 pro
586 2329 719 2392 tempore
740 2333 814 2374 con·

125 2408 252 2488 fidium3
277 2435 366 2475 anum
389 2413 604 2489 Corinthiam,
629 2411 814 2493 Antiphila,

126 2513 184 2588 (ita
195 2515 272 2574 enim
285 2517 457 2596 putabatur)
467 2529 610 2588 matrem,
623 2511 700 2572 mille
712 2511 816 2574 drach·

124 2639 238 2678 marum
261 2639 363 2683 mutuo
385 2625 531 2704 accepisse
553 2641 569 2679 a
594 2615 757 2678 Bacchide:
777 2618 814 2679 ed

124 2714 238 2778 mortui
251 2716 377 2800 puellam
394 2739 448 2800 pro
462 2721 586 2804 pecunia
596 2720 644 2780 illa
661 2719 813 2784 arrhaboni
