2048 3672
285 257 350 321 290
397 231 586 299 Punrrt
614 223 892 294 Tnnnnn'rr

458 357 560 406 istst
578 359 667 405 nnn
685 359 716 403 M
736 359 761 406 u
782 360 810 412 s.

658 441 737 490 fadar
750 443 825 508 quod
836 445 916 500 luber:

226 535 258 587 ⁴6
263 539 273 586 5
285 536 381 587 sumet,
394 540 517 576 consumat
527 523 640 592 ,perdere
654 523 783 572 decretum
792 541 830 575 est
840 529 908 593 pati,

286 625 351 670 Dum
363 615 432 666 ilium
442 615 517 664 modo
526 613 625 664 habeam
637 627 743 662 meeum.

512 705 531 749 c
548 705 572 750 H
587 704 638 751 RE
657 703 684 748 M
702 703 721 748 B
736 703 759 750 S.

735 789 759 838 'si
771 805 870 842 certum
884 794 953 842 esttib:¹

286 880 322 930 sic
333 876 420 934 fatere,
435 875 494 926 illud
504 874 626 942 permagni
638 869 722 921 referre
733 872 843 923 arbitror
852 907 864 934 ,

285 967 321 1014 Ut
331 965 472 1012 nescientem
482 961 566 1008 sentiar
577 955 633 1008 reid
643 956 687 1004 sibi
697 954 762 1006 dare.

465 1049 493 1094 M
510 1050 526 1093 E
543 1047 566 1092 N
585 1049 600 1091 E
617 1046 639 1089 D
656 1045 672 1090 E
689 1044 716 1089 M
734 1046 757 1091 U
776 1048 803 1092 8.

287 1131 353 1196 Quid
365 1131 466 1182 faciam?

514 1219 533 1262 C
549 1219 572 1260 H
591 1215 612 1260 R
630 1215 646 1259 ἰ
665 1215 692 1260 Μ
709 1214 726 1258 Ε
741 1216 763 1262 S.

481 1301 583 1362 Quidvis
592 1305 670 1370 potius
680 1315 754 1368 quam
764 1301 834 1367 quod
842 1304 939 1370 cogitas:

232 1411 278 1459 470
290 1400 329 1446 Per
339 1395 413 1444 alium
423 1393 530 1459 quemvis
540 1405 566 1440 ut
578 1392 630 1446 dest
642 1390 694 1440 falli
704 1405 727 1439 te
736 1393 802 1440 sinas

288 1488 390 1537 Technis
399 1501 439 1552 pet
448 1483 581 1534 servulum:
596 1485 639 1534 ersi
649 1483 751 1532 subsensi
765 1479 790 1529 iti
802 1497 917 1548 qnoque,

287 1575 346 1628 Illos
358 1577 392 1626 ibi
403 1592 463 1634 esse,
476 1573 501 1622 id
515 1576 576 1622 inter
588 1589 612 1622 se
624 1587 690 1638 agere
702 1569 850 1620 clanculum.

288 1671 356 1730 Syrus
365 1679 420 1714 curn
429 1663 473 1713 illo
483 1677 561 1713 vestro
569 1675 730 1711 consueuerat:
742 1658 873 1710 conferunt

291 1748 397 1801 Consilia
407 1749 576 1803 adolescentess
591 1749 616 1795 &
630 1745 674 1796 tibi
683 1745 777 1812 perdere

233 1849 279 1896 475
292 1833 419 1884 Talentum
431 1836 477 1882 huc
486 1835 555 1898 pasto
565 1835 636 1882 sarius
646 1845 680 1879 est
689 1863 697 1888 ,
706 1845 779 1896 quam
788 1828 836 1878 illo
846 1833 948 1880 minare.

293 1932 350 1978 Non
361 1941 423 1975 nunc
432 1926 530 1991 pecunia
542 1925 633 1987 agitur,
648 1918 686 1970 sed
701 1918 777 1977 illud,
792 1936 845 1986 quo
861 1922 939 1972 niodo

292 2016 398 2062 Minimo
408 2009 495 2078 periclo
507 2009 531 2057 iti
543 2007 624 2056 demus
633 2005 817 2055 adolescentulo.

292 2102 357 2148 Nam
368 2101 385 2147 si
396 2098 467 2147 semei
477 2112 545 2146 tuum
559 2097 665 2144 animum
680 2097 699 2142 is
709 2091 871 2152 intellexerit,

294 2187 359 2232 Prius
368 2183 517 2248 prodirurum
526 2195 549 2230 te
559 2194 624 2229 tuam
634 2180 709 2228 viram
718 2211 727 2236 ,
740 2177 766 2226 δι
776 2179 841 2254 prius

235 2269 283 2328 ⁴30
295 2270 418 2318 Pecuniam
426 2283 538 2325 omnem,
549 2281 621 2332 quam
629 2265 668 2313 ebs
676 2278 700 2313 te
709 2267 804 2314 amittas
816 2261 901 2312 filium
912 2301 919 2322 ,
931 2281 973 2320 isti,

294 2359 415 2412 Quantam
426 2348 550 2400 fenestram
560 2348 590 2397 ad
601 2351 730 2414 nequitiem
741 2346 898 2414 patefeceris!

295 2435 348 2484 Tibi
360 2449 438 2483 aurem
447 2449 516 2500 porro
526 2446 556 2498 ur·
564 2447 614 2481 non
623 2435 653 2479 sit
663 2447 733 2480 suave
742 2433 839 2481 vivere:

295 2523 360 2569 Nam
369 2553 375 2578 ,
387 2519 512 2566 Deteriores
521 2533 593 2565 omnes
601 2533 678 2564 sumus
686 2513 788 2566 licentia.

297 2608 459 2674 Quodcunque
473 2605 580 2656 inciderit
592 2607 618 2653 in
629 2617 747 2661 mentem,
761 2601 845 2653 volet:
858 2619 938 2672 neque
948 2604 966 2654 tt

239 2705 283 2762 485
298 2699 406 2770 Putabit,¹
418 2692 564 2764 pravbmne,
574 2708 605 2745 an
615 2693 703 2743 rebium
712 2693 743 2740 sit
752 2689 818 2758 quod
828 2706 908 2757 peret.
