2110 3688
128 635 210 740 M.
246 635 435 739 ANT.
471 639 824 768 Murum

283 853 674 925 ,accusaturum

189 1010 283 1096 IN
323 1015 366 1094 A
388 1012 442 1096 N
455 1013 503 1097 D
525 1013 611 1098 RI
627 1016 670 1102 A
692 1017 762 1104 M.

134 1159 345 1283 CHrtantas
365 1220 398 1282 δι
417 1219 525 1282 Phania
542 1221 643 1288 fratres
657 1225 823 1290 Athenien.

135 1325 315 1393 sesfuerunt.
339 1324 467 1402 Eorum,
485 1325 628 1390 Chremes
641 1330 821 1411 profecimus

136 1427 166 1490 iu
179 1425 302 1501 Asiam,
322 1423 487 1488 Pasibulam
503 1423 639 1502 filiolam,
655 1446 823 1510 quamtum

136 1537 251 1598 unicam
262 1535 405 1613 habebat,
420 1536 511 1600 fratris
526 1535 592 1598 fidei
604 1537 734 1600 credidit.
757 1537 825 1600 Pto*

137 1641 213 1704 fello
224 1663 278 1716 eo,
290 1646 429 1726 contigit,
442 1660 474 1704 ut
486 1645 516 1728 in
527 1643 642 1712 Graecia
654 1645 753 1726 magni
763 1642 826 1705 bel·

137 1743 234 1804 lorum
252 1759 349 1805 motus
375 1745 590 1818 excitarentur,
613 1763 687 1825 quos
711 1741 825 1824 fugiens

139 1843 268 1918 Phania,
287 1843 376 1920 cunr,
396 1841 533 1926 impositi
554 1862 655 1904 secum
675 1842 705 1904 iu
726 1842 826 1908 navim

139 1947 258 2030 puelli,
276 1947 314 2008 ad
331 1947 448 2010 fratrem
468 1949 521 2008 iter
542 1947 683 2026 cepisset,
703 1947 734 2008 vi
750 1962 827 2006 tent·

77 2111 79 2116 ,
140 2049 260 2140 pestatis
273 2049 361 2113 fractu
371 2049 456 2122 navi,
469 2047 548 2129 apud
558 2047 692 2115 Andrum
704 2047 828 2113 insulam

141 2152 251 2233 ejeliius
272 2169 325 2214 est.
358 2151 403 2214 lbi
425 2151 549 2234 applicat
571 2171 602 2212 se
623 2150 661 2212 ad
684 2150 829 2220 Andrium

143 2249 289 2334 quendam
301 2296 312 2326 ,
325 2251 475 2316 hominem
486 2252 564 2316 haud
581 2273 688 2336 magna
700 2256 730 2314 in
742 2274 772 2314 re
785 2280 796 2330 3
812 2275 831 2322 a

143 2369 204 2432 quo
221 2367 320 2410 tamen
339 2351 471 2432 benigne
483 2353 702 2438 humaniterque
722 2372 832 2434 excep.

144 2471 215 2527 tus,
235 2474 295 2514 non
307 2457 347 2515 ita
361 2455 454 2517 multo
472 2472 541 2537 post
553 2458 681 2518 moritur.
710 2455 830 2536 Hospes

146 2555 274 2628 Andrius
293 2555 396 2620 relicta
411 2558 487 2640 apud
503 2579 534 2620 se
551 2557 652 2640 puellae
671 2573 833 2623 commutat

147 2682 274 2741 nomen,
291 2661 323 2726 &
337 2684 390 2744 pru
405 2661 538 2725 Pasibula
552 2660 725 2743 Glycerium
739 2661 835 2720 nomi·

147 2783 200 2846 nat
212 2789 223 2860 j
236 2768 359 2863 uimque
378 2788 430 2870 pet
447 2766 556 2862 aliquot
573 2783 665 2826 annos
683 2779 749 2830 eatn
764 2779 832 2830 cum

617 2861 642 2918 A
656 2874 668 2920 t
