2098 3678
281 156 347 241 258
394 152 583 220 Pontrt
623 151 869 222 Ttttrtttttt

278 290 415 349 faciebant,
426 306 475 360 quo
488 288 554 338 illam
567 289 628 337 mihi
642 288 741 337 {enitent
755 293 878 340 miseriam.

279 375 328 424 ubi
338 372 411 424 video
424 375 490 433 haec,
506 377 566 442 copi
580 376 695 441 cogitate:
711 376 780 426 hem!
792 391 826 427 tor
835 375 878 425 mei

279 461 355 512 Solius
365 463 451 512 soliciti
462 465 509 513 sint
518 461 603 522 cauti,
619 478 644 512 ut
658 481 696 512 me
708 479 782 514 unum
794 464 909 531 expleant?

218 557 265 601 ¹3⁰
281 552 381 603 Anciliae
393 567 430 602 tot
443 570 482 602 me
496 557 610 604 vestiant?
621 569 726 620 sumptus
737 555 804 604 dorni

280 650 370 696 Tantos
383 661 426 710 ego
437 644 500 694 soius
513 644 616 694 facitur?
630 645 669 694 ted
679 659 779 712 gnatum
789 646 893 701 unicum,

280 734 357 788 Quem
368 732 454 796 pariter
463 733 498 778 nti
510 731 546 777 his
556 729 649 786 decuit,
666 742 706 777 rut
719 730 790 776 eriam
805 724 915 790 amplius,

274 819 351 876 Quod
362 819 404 869 illa
414 833 467 868 aetas
478 821 552 884 tnagis
562 818 593 867 ad
606 819 654 866 haec
663 817 751 866 utenda
762 817 847 865 idonea
856 828 901 872 est,

280 911 329 974 Ego
344 923 397 957 eum
413 909 469 956 hinc
482 908 538 972 ejeci
551 907 663 955 miserum
678 907 794 970 injustitia
806 919 866 953 nter.

222 1003 263 1050 ¹35
281 994 349 1042 Melo
359 993 456 1060 quidem
467 1009 505 1043 me
515 993 613 1058 dignum
626 993 713 1059 quovis
727 991 855 1058 deputem,

280 1085 302 1132 si
313 1083 338 1132 id
349 1083 449 1134 faciam:
465 1101 521 1134 nam
535 1101 607 1151 usque
618 1085 676 1135 dunt
687 1083 727 1135 ille
737 1087 814 1135 vitant
827 1085 892 1136 iliam
900 1081 953 1132 colet

278 1177 398 1242 Inopem,
412 1191 491 1225 cerens
502 1179 576 1242 patria
590 1177 621 1225 ob
632 1193 695 1226 mens
705 1179 818 1242 injurias,

281 1273 373 1316 Interea
383 1283 454 1334 utque
466 1264 501 1314 illi
513 1265 542 1315 de
552 1283 590 1315 me
600 1267 740 1332 supplicium
750 1265 831 1328 dabo,

280 1359 411 1414 Laborem,
426 1370 543 1423 qnaerenr,
556 1371 666 1420 parcens,
680 1354 717 1404 ilii
732 1356 843 1405 serviens.

222 1451 266 1497 r4o
280 1443 316 1491 lta
331 1441 394 1490 focio
407 1455 513 1507 prorsus:
527 1439 591 1487 nihil
608 1440 714 1505 relinquo
729 1441 754 1487 in
764 1439 867 1500 edibus,

280 1529 330 1574 Nec
339 1520 395 1582 vai,
407 1539 449 1572 nee
458 1525 626 1574 vestimentum
636 1540 642 1569 t
653 1527 737 1574 corrasi
748 1529 846 1575 omnia:

278 1607 399 1667 Ancillas,
412 1626 504 1666 servos,
516 1611 561 1658 niti
575 1625 631 1666 eos,
644 1611 685 1674 qui
695 1625 765 1675 opere
775 1611 863 1659 rustico

279 1691 408 1748 iaciendo,
422 1691 491 1742 facile
499 1695 589 1744 vicium
600 1707 730 1742 exercerent
742 1708 829 1752 suurn,

280 1779 369 1828 Omnes
378 1778 495 1846 produxi,
509 1794 536 1828 ac
549 1777 656 1828 vendidi.
675 1780 781 1842 inscripsi
792 1779 860 1828 illico

222 1893 264 1940 145
282 1868 365 1917 AEdes:
378 1867 508 1918 mercedem
519 1870 585 1933 quasi
596 1869 684 1916 talenta
696 1866 727 1914 ad
738 1867 875 1931 quindecim

281 1961 354 2022 Coe'gi
364 1979 368 2006 :
380 1973 464 2024 agrum
473 1959 536 2005 hunc
545 1971 660 2006 mercatur
668 1973 721 2006 snm
732 1973 738 2002 r
750 1953 790 2005 hic
799 1973 837 2006 me
846 1970 943 2006 exerceo·

278 2045 394 2099 Decrevi,
414 2045 526 2107 tantisper
538 2058 576 2090 tne
589 2045 666 2092 minus
680 2044 787 2109 injuria,

279 2128 396 2182 Chreme,
414 2141 468 2173 tneo
481 2139 555 2190 gnato
572 2124 663 2183 facete,
678 2124 735 2174 dum
747 2123 803 2174 fiam
815 2126 896 2180 misett

279 2213 331 2259 Nec
343 2209 404 2257 mihi
414 2207 448 2259 fas
459 2225 505 2259 esse
518 2209 567 2262 utra
578 2228 616 2261 me
629 2212 751 2279 voluptate
761 2209 800 2260 hic
810 2211 860 2261 frui
867 2244 876 2271 ‚

221 2323 266 2372 ¹50
280 2303 333 2352 Nisi
343 2301 384 2350 ubi
394 2299 435 2349 ille
443 2301 490 2349 hoc
500 2300 577 2350 salvus
589 2302 682 2352 redierit
698 2320 763 2354 meus
775 2305 898 2370 particeps.

505 2383 561 2428 CH
579 2385 599 2430 R
616 2384 632 2427 E
649 2385 675 2428 Μ
694 2385 710 2428 E
726 2388 749 2431 S.

279 2458 379 2525 ingenio
389 2471 412 2506 te
422 2473 469 2508 esse
480 2457 505 2505 in
520 2457 603 2506 liberos
615 2456 662 2504 leni
676 2470 747 2521 puto,
760 2455 786 2502 &

278 2546 351 2596 Ilium
362 2547 545 2614 obsequentem,
561 2549 580 2595 ri
592 2547 643 2612 quis
655 2547 714 2595 tecte
726 2548 768 2596 tut
780 2541 907 2593 commode

279 2632 410 2684 tractaret:
421 2647 505 2688 return
513 2647 589 2700 neque
598 2645 625 2684 ru
635 2629 706 2682 illum
716 2631 771 2682 ratis
780 2644 881 2683 noveras
887 2659 897 2687 ,
