2098 3678
225 249 295 314 244
335 225 765 295 -Auounrurun

221 367 272 424 xit.
297 363 366 425 Erat
383 364 445 425 haec
459 363 619 436 meretrix,
637 382 767 442 procax,
787 376 917 442 potens,

223 488 414 550 sumptuosa,
432 467 555 543 nobilis,
574 466 656 548 eujus
671 491 701 530 se
721 489 819 528 amore
834 468 917 528 haud

222 581 262 640 ita
275 579 388 661 pridem
401 581 539 640 irretierat
554 576 696 660 Clitipho.
719 579 795 661 Quo
813 597 916 640 autern

222 713 268 756 res
283 693 473 755 Chremetem
486 690 604 768 lateret,
623 690 680 750 hoc
693 688 845 750 consilium
861 710 915 749 ca-

222 802 326 883 piunt,
344 817 375 861 ut
390 797 566 861 Bacchidem
579 796 697 878 quidem
711 799 834 858 amicam
848 793 918 857 Cli.

222 915 296 988 niae,
314 913 494 994 Antiphilam
503 932 575 974 vero
589 931 678 972 unam
689 910 725 971 de
736 909 810 970 illius
824 909 918 971 ancil-

222 1024 256 1084 lis
265 1045 327 1085 esse
336 1022 509 1083 simularent.
522 1021 662 1085 Postridie
674 1043 758 1083 mane
769 1019 916 1084 Chremes

223 1129 262 1190 ad
276 1127 486 1190 Menedemum
502 1107 629 1190 diluculo
649 1125 858 1208 proficiscitur,
880 1127 916 1190 δι

223 1240 341 1303 rediisse
353 1241 479 1304 Cliniam
490 1242 612 1301 nuntiat.
623 1237 675 1299 llle
685 1237 791 1320 gaudio
802 1257 916 1312 amens,

223 1348 316 1410 filium
335 1346 455 1427 jamjam
476 1346 596 1410 videre,
618 1345 738 1428 jamjam
759 1342 915 1426 ampledii,

222 1453 344 1534 jamjam
358 1458 385 1518 ei
398 1477 430 1516 se
444 1475 553 1536 suaque
571 1457 669 1516 omnia
683 1457 848 1537 permittere
862 1475 918 1516 cu·

224 1561 332 1640 plebat.
346 1561 408 1637 At,
423 1560 565 1624 Chremes
577 1609 586 1638 ,
597 1585 669 1626 cave
680 1610 689 1639 ,
700 1568 809 1648 inquit,
823 1565 915 1626 faxis:

224 1675 298 1731 istoc
317 1673 396 1730 enim
415 1671 504 1733 modo
523 1671 557 1732 &
577 1687 628 1748 te,
649 1671 682 1734 &
699 1694 785 1750 eum,
806 1673 917 1736 &rem

226 1777 285 1840 uuir
308 1775 464 1858 perdideris
490 1793 582 1837 tuam.
618 1775 712 1838 Simul
737 1781 763 1840 ei
786 1778 936 1839 ostendit.

225 1903 297 1967 quot
307 1884 494 1947 incommoda
510 1901 645 1966 capturus
658 1886 713 1960 sit,
725 1888 821 1945 sitam
834 1886 917 1946 molli

226 2015 333 2056 essese
346 2039 355 2070 ,
377 2014 493 2078 tamque
506 1994 624 2058 infredo
636 1999 733 2058 animo
745 1997 916 2059 ostenderit.

229 2105 333 2168 Cliniae
342 2110 465 2169 amicam
479 2114 563 2178 (earn
577 2111 655 2170 enim
663 2109 837 2174 Bacchidem
846 2113 918 2173 exis·

228 2215 366 2293 timebat)
382 2239 441 2278 non
461 2217 520 2298 jam
539 2219 743 2302 pauperculam
758 2212 843 2297 esse,
864 2235 918 2282 eut

229 2346 321 2411 parvo
337 2343 505 2388 contentam
523 2343 555 2387 ut
573 2344 679 2402 antea,
696 2329 748 2390 sed
761 2345 917 2408 sumptuo-

230 2459 312 2513 sam,
333 2442 477 2520 gemmis‚
499 2455 585 2520 atque
611 2459 681 2500 auro
701 2440 918 2522 collucentemj

229 2566 298 2605 curn
311 2543 418 2605 familia
431 2547 674 2608 numerosissima.
694 2547 782 2622 Una,
801 2551 916 2632 inquit,

214 2653 300 2750 ‘mihi
312 2675 368 2718 uox
381 2671 494 2719 tantum
510 2677 569 2720 non
587 2673 787 2738 paupertatem
801 2658 917 2735 attulit,
