2144 3678
246 219 310 281 166
355 207 531 276 eorm
570 205 820 276 Trrmrr

241 342 376 406 Mirerique.

465 429 486 472 G
503 425 526 471 N
542 427 563 472 A
579 427 600 472 Τ
616 428 639 472 Η
656 429 689 474 0.

385 514 449 560 Nam
460 511 536 560 hercle
545 525 616 558 nemo
626 525 722 574 posset,
735 523 771 560 eat
782 511 849 570 reio,

240 595 288 656 Qui
296 594 391 644 haberer
401 594 443 660 qui
452 610 542 660 pararet
552 593 641 652 alium,
657 595 720 644 hunc
729 598 829 663 perpeti.

454 689 470 732 P
487 689 508 732 A
527 688 549 734 R
565 687 592 731 M
609 687 625 731 E
642 687 665 731 N
683 687 714 735 0.

239 778 300 824 Tace
311 789 336 824 ru
344 807 351 832 ,
364 793 434 842 quem
448 793 492 841 ego
510 793 556 825 esse
572 777 634 824 infra
647 775 742 826 infimos
753 793 835 827 omnes
849 792 910 844 puto
1004 808 1006 811 -

240 861 372 910 Homines:
391 875 463 915 nam,
477 861 519 925 qui
537 860 593 907 huic
605 861 713 910 animum
727 865 837 912 assentari
850 861 928 912 indu·

305 950 381 1004 reris,
646 935 650 938 ¹

178 1043 225 1090 ⁴90
243 1029 261 1075 Ε
269 1026 367 1093 flamma
381 1041 453 1096 perere
462 1040 484 1076 re
493 1025 566 1076 cibum
579 1044 645 1092 posse
655 1029 763 1081 arbitror.

472 1123 493 1166 T
510 1123 532 1164 Η
552 1120 611 1168 RA
629 1123 642 1166 S
660 1122 692 1169 0.
731 1175 732 1178 Ἰ

238 1178 407 1231 Jimneimuse

499 1269 521 1312 Τ
537 1269 560 1314 H
577 1269 598 1314 A
615 1271 624 1313 1
644 1271 666 1318 S.

431 1361 482 1405 Hos
491 1359 554 1423 ptiu's
565 1357 725 1416 introducam,
736 1357 773 1417 Ac,
787 1373 840 1426 quae
847 1357 908 1413 volo

238 1445 313 1496 simul
324 1445 442 1511 imperabo
452 1461 458 1491 r
467 1461 562 1512 postea,
577 1449 692 1497 continuo
704 1463 770 1498 exeo.

473 1536 495 1578 Τ
511 1537 534 1580 H
550 1538 572 1583 R
588 1535 609 1581 A
625 1539 638 1581 S
656 1537 687 1582 0.

237 1625 286 1690 Ego
297 1622 353 1671 hine
361 1621 435 1672 abeo:
447 1637 473 1672 ru
484 1623 553 1672 isram
563 1627 678 1690 opperire.

446 1712 538 1759 PAR
554 1715 581 1760 M
598 1715 616 1760 E
633 1715 656 1762 N
673 1718 705 1764 Ο.

211 1865 213 1869 Ι
696 1799 766 1850 Haud
776 1797 888 1852 convenit

236 1885 291 1937 Uni
298 1887 332 1937 ite
341 1901 396 1936 eum
405 1887 481 1937 amica
491 1887 657 1952 imperatorem
666 1890 692 1938 in
701 1893 751 1941 via·

420 2015 422 2020 .
469 1973 490 2019 T
506 1975 530 2018 H
546 1975 568 2020 R
586 1976 606 2020 A
624 1980 637 2022 S
653 1979 685 2025 0.

172 2063 218 2112 495
237 2053 300 2112 Quid
312 2053 357 2102 tibi
368 2067 413 2118 ego
422 2051 499 2102 multa
511 2053 603 2103 dicam?
615 2057 709 2108 domini
718 2058 801 2110 similia
813 2075 847 2114 ee.

466 2140 486 2184 G
503 2141 526 2186 N
544 2143 566 2186 A
583 2144 604 2188 T
620 2147 645 2191 H
661 2146 693 2193 0.

235 2227 289 2279 Ha,
303 2222 351 2280 ha,
363 2221 414 2273 her!

465 2314 487 2358 T
503 2314 526 2358 H
544 2315 565 2360 R
581 2315 604 2363 A
620 2319 634 2364 S
651 2319 682 2367 0.

426 2401 491 2462 Quid
500 2403 580 2452 rides!

459 2498 479 2542 G
497 2497 520 2541 N
537 2496 559 2542 A
574 2499 595 2542 T
612 2500 634 2542 H
651 2500 683 2546 0.

554 2578 693 2645 1ezudquod
706 2577 765 2628 dixti
777 2578 867 2630 medor
888 2603 914 2618 *-

233 2664 260 2714 Er
270 2662 331 2716 illud
339 2665 368 2718 de
376 2631 473 2720 Riodio
484 2666 574 2719 dietum
581 2683 636 2742 eum
643 2669 669 2718 in
676 2683 781 2720 mentem
790 2671 866 2722 venir.
