2048 3672
143 215 676 295 HEAUTONTJMORUMENOS.
705 249 769 316 359

81 355 181 418 Filiam,
198 359 222 408 &c
237 356 303 425 qmd
317 357 380 406 dotis
394 355 460 418 dixi,
475 357 570 410 firmas?

287 456 301 498 S
317 449 340 498 O
355 454 368 498 S
385 453 407 498 T
422 453 445 500 R
461 452 484 498 A
501 455 523 498 Τ
537 452 567 499 Α.

511 540 549 588 Mi
558 538 609 599 vit,
624 550 648 589 te
658 536 772 605 obsectoj

42 614 212 672 -Nefacias.

292 709 563 756 CLITIPHO.

210 798 291 852 Pater,
303 793 415 854 obsecro,
427 810 453 845 ut
466 796 527 845 mihi
542 796 658 860 ignoscas.

258 890 591 938 MENEDEMUS.

602 974 768 1034 Dauniam

642 1069 766 1120 Chremen

78 1130 134 1180 Sine
144 1141 168 1179 te
179 1145 284 1182 exorem.

299 1219 319 1263 C
338 1217 362 1264 H
378 1217 400 1264 R
416 1215 433 1263 E
450 1218 478 1264 M
494 1217 511 1264 E
528 1219 551 1268 S.
570 1225 572 1228 ·

259 1297 333 1367 Egdn'
343 1315 396 1351 mea
405 1300 470 1352 bona
479 1314 506 1352 ut
515 1300 572 1352 dem
582 1299 690 1352 Bacchidi
702 1299 768 1352 dono

680 1393 765 1442 sciens?

79 1478 140 1529 Non
155 1475 253 1532 faciam.

257 1573 286 1620 M
302 1573 320 1620 Ε
333 1571 358 1618 Ν
374 1573 391 1618 E
407 1574 430 1619 D
446 1573 463 1618 E
479 1573 508 1620 M
524 1573 548 1620 U
565 1573 589 1621 S.

258 1662 293 1710 At
305 1674 348 1708 nos
358 1673 408 1708 non
418 1660 531 1709 sinemus.

290 1757 309 1801 C
327 1757 344 1802 L
361 1757 371 1802 1
389 1758 409 1802 T
426 1757 437 1802 1
455 1757 471 1802 1³
489 1756 513 1800 H
528 1755 561 1800 0.

531 1838 555 1889 si
566 1853 604 1889 me
619 1835 704 1891 vivum
711 1835 747 1886 vis
756 1865 764 1895 ,
847 1859 850 1865 ·

684 1937 763 1991 pater,
782 1937 845 1988 1050

79 2018 187 2081 Ignosce.

283 2081 336 2128 80
351 2083 365 2128 S
380 2082 403 2127 T
418 2081 440 2129 R
455 2077 479 2129 A
495 2081 518 2127 'l'
533 2081 564 2131 A.

207 2166 260 2234 Age
267 2199 275 2223 ,
290 2166 400 2218 Chremes
412 2166 457 2217 mi.

256 2260 285 2306 M
302 2259 319 2307 E
335 2259 360 2306 N
374 2260 391 2305 E
407 2261 429 2304 D
445 2259 462 2302 E
479 2257 508 2302 M
524 2257 547 2303 U
564 2256 587 2306 8.

312 2367 316 2376 ·
374 2344 426 2410 Age
438 2355 515 2406 quaeso
522 2372 531 2400 ‚
543 2355 653 2406 nequam
664 2337 765 2390 obfirma

590 2438 628 2485 te,
643 2426 765 2477 Chremes.

298 2517 318 2562 C
336 2517 359 2562 H
376 2517 398 2565 R
414 2515 431 2562 E
448 2516 476 2562 M
493 2515 509 2560 E
526 2514 549 2560 S.

81 2599 144 2662 Quid
155 2601 227 2651 istuc?
243 2600 315 2654 video
321 2617 371 2654 non
379 2602 462 2668 licere,
477 2618 503 2658 ut
513 2617 627 2672 coepetam
635 2634 644 2664 ,
657 2602 703 2652 hoc
713 2613 765 2666 per·

145 2687 248 2742 tendere.
