2110 3688
343 225 608 292 ANDRIA
686 184 689 194 Ι
770 246 811 308 17

402 365 416 408 S
433 361 444 410 1
461 364 489 410 Μ
505 365 538 412 0.

514 453 590 498 Funus
603 447 699 499 interint

123 531 246 586 Procedit:
259 530 389 598 requietura
402 531 433 582 ad
442 533 574 600 sepuicnun
584 538 706 586 renimurr

123 619 153 664 ln
161 619 240 680 ignem
248 618 327 679 posita
335 631 381 666 ert:
395 615 471 668 dmor.
489 623 578 668 Interea
589 621 637 669 het
646 634 713 670 rotor

122 701 203 758 Quam
213 697 281 756 drri,
295 699 325 748 ad
336 698 458 750 flammam
469 708 562 752 accessit
574 703 762 769 imprudentius,
821 716 866 762 rto

121 789 181 834 Satis
191 801 247 834 curn
256 787 354 852 periclo.
371 788 406 836 ibi
416 805 469 840 tunt
479 793 625 839 exanimatur
635 789 771 856 Pamphilus

120 875 183 920 Bene
193 869 367 922 dissimulatum
377 889 483 923 amorem
493 877 518 922 dt
529 875 631 925 celatum
639 875 740 926 indicata

117 961 242 1008 Accurrit:
254 956 359 1006 mediam
368 957 491 1008 mulierem
501 959 680 1026 compledtiturr

119 1047 326 1110 MeaGlyrerium,
334 1050 556 1117 inquit,quidagis÷
568 1066 608 1100 cur
618 1065 641 1100 te
652 1054 670 1101 ir
680 1051 809 1118 perditum!
863 1104 873 1138 t

119 1140 184 1184 Turn
194 1135 248 1190 ilia.
262 1150 288 1183 ur
299 1151 436 1186 consuetum
447 1135 517 1188 faciie
527 1153 634 1186 amorem
643 1153 764 1200 cerneret,
817 1151 861 1198 ¹35

118 1224 209 1288 Reiecit
219 1238 243 1270 re
254 1225 280 1269 in
289 1235 358 1278 eum,
369 1216 427 1269 flent
437 1255 444 1278 ,
455 1219 528 1288 qudm
538 1219 695 1276 familiariter.

390 1285 547 1358 somn

118 1391 182 1454 Quid
193 1396 242 1444 ait?

394 1483 408 1528 S
424 1483 434 1528 1
453 1483 481 1528 Μ
496 1482 530 1532 0.

255 1566 336 1617 Redeo
349 1568 402 1616 inde
414 1571 502 1627 iratus,
515 1583 586 1636 atque
596 1584 655 1637 egre
665 1567 749 1624 ferent.

118 1651 167 1700 Nec
178 1653 233 1701 tatis
243 1652 274 1700 ad
285 1652 457 1718 objurgandum
467 1667 548 1702 caure.
566 1657 672 1712 Diceret,

118 1735 182 1794 Quid
193 1737 250 1785 fect?
265 1739 322 1802 quid
333 1743 476 1794 commerui,
486 1753 526 1788 aut
537 1741 644 1803 peccaui,
656 1745 738 1803 patet!

117 1826 175 1878 Quae
184 1837 232 1870 sese
241 1826 267 1869 in
278 1825 357 1888 ignem
366 1827 459 1887 injicere
470 1823 548 1876 voluit
555 1859 563 1885 ,
574 1826 702 1892 prohibuit
814 1850 860 1899 ¹40

116 1905 222 1953 Servavi.
239 1908 347 1952 Honesta
358 1907 434 1952 oratio
448 1919 491 1954 est.

374 1993 387 2037 S
405 1991 427 2035 0
442 1995 455 2038 S
473 1993 482 2036 1
500 1991 533 2039 A.

478 2081 548 2127 Redde
558 2092 640 2144 putata

116 2166 178 2213 Nam
188 2147 207 2212 si
217 2163 288 2213 illum
298 2165 422 2232 objurget,
437 2171 493 2217 vitae
502 2172 543 2235 qui
552 2170 668 2218 auxilium
678 2167 752 2226 tulit,
833 2221 835 2226 ,

115 2251 179 2312 Quid
187 2250 260 2302 facias
270 2253 307 2300 illi
313 2285 322 2311 ,
332 2257 374 2318 qui
385 2252 473 2302 dederit
484 2255 616 2315 damnum,
627 2237 778 2306 tutantium!

371 2391 375 2397 .
388 2350 401 2391 S
418 2349 428 2392 1
447 2348 473 2391 Μ
492 2349 537 2396 Ο.’

113 2432 183 2479 Venit
192 2430 305 2478 Chremes
314 2431 426 2496 postridie
437 2433 467 2482 ad
478 2450 531 2491 me,
542 2409 680 2493 tlamifans,

112 2510 241 2576 indignum
252 2509 356 2560 facinus:
369 2511 506 2579 comperuie
516 2518 668 2582 Pamphilum

109 2597 154 2641 Pro
166 2609 238 2643 uxore
250 2596 333 2644 habere
345 2597 404 2666 hant
413 2603 568 2664 peregrinam.
587 2588 635 2666 Ego
645 2598 706 2649 illud
714 2597 796 2652 sedulo
808 2601 851 2654 ¹⁴5

108 2679 202 2744 Negare
212 2678 311 2752 facium.
329 2683 371 2732 ilie
381 2682 556 2738 instatfadiurn.
572 2687 681 2750 Denique

137 2766 206 2816 Tum.
223 2769 252 2819 Ι.
637 2775 657 2827 Β
