2048 3672
156 164 689 240 Hnrunorrnrnronvurnuon.
716 192 792 262 33-5.

272 298 606 352 MENEDEMUS.

226 391 282 440 Ah!
294 389 381 440 frustra
391 391 463 457 igitur
471 393 565 457 gavisus
576 409 628 442 sum
639 393 718 447 miser.

94 477 196 540 Quidvis
206 490 286 526 temen
297 480 345 541 jam
355 474 438 533 malo,
452 491 524 542 quam
535 477 599 526 hunc
612 481 731 529 amittere.

94 565 159 626 Quid
172 580 235 615 nunc
244 566 377 615 renuntiem
386 565 427 614 abs
436 578 459 614 te
469 580 620 632 responsum,
632 568 760 627 Chremes,

94 653 132 702 Ne
142 653 227 702 sentiat
238 669 277 702 me
286 633 477 719 neminemque
487 669 547 720 egre
560 653 633 704 ferat?
795 649 844 703 860

314 743 568 792 CHREME&

93 823 172 887 AEgre'?
186 821 290 871 nimium
301 819 356 880 illi,
367 821 507 873 Menedeme
514 856 523 881 ,
536 822 655 891 indulges.

272 909 606 961 MENEDEMU&

268 997 273 1004 '
673 995 742 1045 sine:

95 1081 218 1144 Inceptum
227 1091 276 1128 ert:
287 1075 370 1145 perfice
379 1078 426 1127 hoc
433 1077 494 1126 mihi
501 1091 651 1145 perpetuum,
662 1081 786 1134 chremes.

318 1165 575 1214 CHREME&

94 1246 140 1296 Dic
150 1249 303 1306 convenisse,
318 1249 391 1314 egisse
403 1260 426 1296 te
436 1245 465 1294 de
476 1247 575 1312 nuptiis.

274 1341 646 1400 nnununmun,

95 1427 195 1480 cham:
209 1425 268 1495 quid
281 1424 378 1476 deinde!

191 1527 193 1532 ·
313 1517 376 1567 cer
394 1517 415 1564 n
432 1518 448 1562 n
466 1516 529 1574 usn
546 1517 569 1564 s.

389 1603 430 1648 Me
440 1599 557 1672 faerupum
567 1614 616 1654 esre
623 1599 718 1659 omnia,

96 1704 214 1749 Generum
223 1695 324 1764 placetur
337 1677 458 1758 postremu
468 1693 540 1740 etiam
547 1723 556 1750 ,
568 1694 588 1740 si
596 1691 663 1742 voles
670 1721 680 1752 ,
794 1688 840 1751 8⁶5

97 1791 242 1853 Desponsam
254 1795 349 1850 quoque
360 1773 408 1828 es're
417 1778 500 1828 dicito.

277 1872 306 1917 M
322 1871 338 1915 Ε
355 1870 378 1915 Ν
397 1869 414 1914 E
430 1870 452 1914 Ι)
470 1868 486 1913 E
503 1867 531 1912 M
547 1868 570 1912 U
585 1865 608 1911 S.

493 1956 572 2008 Hem,
583 1951 643 1998 istuc
651 1944 784 1999 volueram.

320 2042 342 2091 C
359 2044 383 2088 H
399 2043 421 2090 R
437 2041 454 2088 E
471 2043 499 2086 M
517 2041 534 2086 E
551 2042 574 2085 8.

97 2111 176 2180 'fanto
188 2143 259 2193 ocyus
271 2141 295 2177 te
305 2143 330 2178 ut
340 2142 421 2196 poscat
428 2160 438 2188 ‚
450 2129 476 2177 δι
487 2141 513 2176 tu
522 2125 566 2186 id,
580 2122 646 2192 quod
655 2122 734 2190 cupis,

98 2226 177 2284 Quam
189 2221 303 2285 ocyssime
313 2231 339 2267 ut
350 2218 399 2267 der.

277 2312 306 2358 M
322 2311 339 2356 E
356 2309 380 2355 N
398 2309 414 2354 Ε
431 2310 453 2355 D
470 2309 487 2353 E
504 2307 531 2351 M
547 2306 570 2350 U
587 2305 611 2352 8.

423 2389 511 2453 Cupio.

323 2478 344 2526 C
362 2479 386 2524 Η
402 2479 424 2524 R
441 2476 457 2521 E
475 2477 503 2520 M
520 2475 536 2519 Ε
553 2475 576 2521 S.

428 2551 433 2558 ’
517 2556 595 2603 Natu
604 2548 752 2618 propediem,

99 2659 134 2706 Ut
145 2653 215 2701 istam
225 2665 274 2700 rem
284 2647 373 2706 video,
388 2647 453 2697 istius
465 2642 639 2696 obsaturabere.

108 2735 113 2744 ⁵
233 2735 243 2754 λ
