<?xml version="1.0" encoding="UTF-8"?>
<!DOCTYPE html PUBLIC "-//W3C//DTD XHTML 1.0 Transitional//EN"
    "http://www.w3.org/TR/xhtml1/DTD/xhtml1-transitional.dtd">
<html xmlns="http://www.w3.org/1999/xhtml" xml:lang="en" lang="en">
 <head>
  <title>
</title>
<meta http-equiv="Content-Type" content="text/html;charset=utf-8" />
  <meta name='ocr-system' content='tesseract 3.04.00' />
  <meta name='ocr-capabilities' content='ocr_page ocr_carea ocr_par ocr_line ocrx_word'/>
</head>
<body>
  <div class='ocr_page' id='page_1' title='image "./publiiterentiia04teregoog/publiiterentiia04teregoog_0062.png"; bbox 0 0 2110 3688; ppageno 0'>
   <div class='ocr_carea' id='block_1_1' title="bbox 237 199 815 280">
    <p class='ocr_par' dir='ltr' id='par_1_1' title="bbox 237 199 815 280">
     <span class='ocr_line' id='line_1_1' title="bbox 237 199 815 280; baseline 0.014 -12"><span class='ocrx_word' id='word_1_1' title='bbox 237 202 275 280; x_wconf 65' lang='lat'>18</span> <span class='ocrx_word' id='word_1_2' title='bbox 346 199 533 271; x_wconf 68' lang='lat' dir='ltr'>Pvssm</span> <span class='ocrx_word' id='word_1_3' title='bbox 572 199 815 278; x_wconf 66' lang='lat' dir='ltr'>Temen</span> 
     </span>
    </p>
   </div>
   <div class='ocr_carea' id='block_1_2' title="bbox 231 339 759 670">
    <p class='ocr_par' dir='ltr' id='par_1_2' title="bbox 231 339 759 670">
     <span class='ocr_line' id='line_1_2' title="bbox 231 339 759 408; baseline 0.004 -18"><span class='ocrx_word' id='word_1_4' title='bbox 231 345 270 391; x_wconf 81' lang='lat' dir='ltr'>Ita</span> <span class='ocrx_word' id='word_1_5' title='bbox 279 355 331 390; x_wconf 87' lang='lat' dir='ltr'>tum</span> <span class='ocrx_word' id='word_1_6' title='bbox 341 339 435 390; x_wconf 80' lang='lat' dir='ltr'>discedo</span> <span class='ocrx_word' id='word_1_7' title='bbox 446 340 476 390; x_wconf 82' lang='lat' dir='ltr'>ab</span> <span class='ocrx_word' id='word_1_8' title='bbox 486 339 547 401; x_wconf 87' lang='lat' dir='ltr'>illo,</span> <span class='ocrx_word' id='word_1_9' title='bbox 559 355 585 390; x_wconf 88' lang='lat' dir='ltr'>ut</span> <span class='ocrx_word' id='word_1_10' title='bbox 595 342 637 408; x_wconf 88' lang='lat' dir='ltr'>qui</span> <span class='ocrx_word' id='word_1_11' title='bbox 647 357 670 390; x_wconf 82' lang='lat' dir='ltr'>se</span> <span class='ocrx_word' id='word_1_12' title='bbox 681 339 759 392; x_wconf 78' lang='lat' dir='ltr'>filiam</span> 
     </span>
     <span class='ocr_line' id='line_1_3' title="bbox 233 427 437 494; baseline 0 -15"><span class='ocrx_word' id='word_1_13' title='bbox 233 427 437 494; x_wconf 78' lang='lat' dir='ltr'>Negetdatutum.</span> 
     </span>
     <span class='ocr_line' id='line_1_4' title="bbox 496 519 653 566; baseline 0.013 -2"><span class='ocrx_word' id='word_1_14' title='bbox 496 521 510 564; x_wconf 80' lang='lat' dir='ltr'><em>S</em></span> <span class='ocrx_word' id='word_1_15' title='bbox 526 519 549 563; x_wconf 92' lang='lat'>0</span> <span class='ocrx_word' id='word_1_16' title='bbox 565 520 578 564; x_wconf 88' lang='lat' dir='ltr'>S</span> <span class='ocrx_word' id='word_1_17' title='bbox 595 519 606 562; x_wconf 90' lang='lat'>1</span> <span class='ocrx_word' id='word_1_18' title='bbox 621 519 653 566; x_wconf 79' lang='lat' dir='ltr'>A.</span> 
     </span>
     <span class='ocr_line' id='line_1_5' title="bbox 444 604 707 670; baseline 0.004 -17"><span class='ocrx_word' id='word_1_19' title='bbox 444 605 502 653; x_wconf 88' lang='lat' dir='ltr'>Non</span> <span class='ocrx_word' id='word_1_20' title='bbox 513 618 538 653; x_wconf 83' lang='lat' dir='ltr'>tu</span> <span class='ocrx_word' id='word_1_21' title='bbox 549 604 581 652; x_wconf 87' lang='lat' dir='ltr'>ibi</span> <span class='ocrx_word' id='word_1_22' title='bbox 593 611 707 670; x_wconf 74' lang='lat' dir='ltr'><strong>gnatum!</strong></span> 
     </span>
    </p>
   </div>
   <div class='ocr_carea' id='block_1_3' title="bbox 509 694 923 823">
    <p class='ocr_par' dir='ltr' id='par_1_3' title="bbox 509 694 923 823">
     <span class='ocr_line' id='line_1_6' title="bbox 509 694 646 743; baseline 0.022 -3"><span class='ocrx_word' id='word_1_23' title='bbox 509 697 522 740; x_wconf 81' lang='lat'>8</span> <span class='ocrx_word' id='word_1_24' title='bbox 540 694 550 738; x_wconf 93' lang='lat'>1</span> <span class='ocrx_word' id='word_1_25' title='bbox 567 695 596 740; x_wconf 90' lang='lat' dir='ltr'>M</span> <span class='ocrx_word' id='word_1_26' title='bbox 613 695 646 743; x_wconf 89' lang='lat'>0.</span> 
     </span>
     <span class='ocr_line' id='line_1_7' title="bbox 723 752 923 823; baseline 0.01 -19"><span class='ocrx_word' id='word_1_27' title='bbox 723 757 762 806; x_wconf 84' lang='lat' dir='ltr'>Ne</span> <span class='ocrx_word' id='word_1_28' title='bbox 769 754 818 806; x_wconf 66' lang='lat' dir='ltr'>hoc</span> <span class='ocrx_word' id='word_1_29' title='bbox 825 752 923 823; x_wconf 79' lang='lat' dir='ltr'>quidem</span> 
     </span>
    </p>
   </div>
   <div class='ocr_carea' id='block_1_4' title="bbox 182 841 740 910">
    <p class='ocr_par' dir='ltr' id='par_1_4' title="bbox 182 841 740 910">
     <span class='ocr_line' id='line_1_8' title="bbox 182 841 740 910; baseline -0.002 -14"><span class='ocrx_word' id='word_1_30' title='bbox 182 849 226 896; x_wconf 78' lang='lat'>²50</span> <span class='ocrx_word' id='word_1_31' title='bbox 235 842 292 894; x_wconf 77' lang='lat' dir='ltr'>Satis</span> <span class='ocrx_word' id='word_1_32' title='bbox 301 843 428 897; x_wconf 82' lang='lat' dir='ltr'>vehemens</span> <span class='ocrx_word' id='word_1_33' title='bbox 437 857 506 893; x_wconf 79' lang='lat' dir='ltr'>causa</span> <span class='ocrx_word' id='word_1_34' title='bbox 515 841 546 892; x_wconf 83' lang='lat' dir='ltr'>ad</span> <span class='ocrx_word' id='word_1_35' title='bbox 555 841 740 910; x_wconf 78' lang='lat' dir='ltr'>objurgandum.</span> 
     </span>
    </p>
   </div>
   <div class='ocr_carea' id='block_1_5' title="bbox 499 938 898 1063">
    <p class='ocr_par' dir='ltr' id='par_1_5' title="bbox 499 938 898 1063">
     <span class='ocr_line' id='line_1_9' title="bbox 499 938 657 986; baseline 0.013 -2"><span class='ocrx_word' id='word_1_36' title='bbox 499 941 512 984; x_wconf 79' lang='grc'>3</span> <span class='ocrx_word' id='word_1_37' title='bbox 530 938 552 983; x_wconf 90' lang='lat'>0</span> <span class='ocrx_word' id='word_1_38' title='bbox 569 941 582 984; x_wconf 88' lang='lat' dir='ltr'>S</span> <span class='ocrx_word' id='word_1_39' title='bbox 599 943 610 984; x_wconf 91' lang='lat'>1</span> <span class='ocrx_word' id='word_1_40' title='bbox 626 939 657 986; x_wconf 79' lang='grc' dir='ltr'>Α.</span> 
     </span>
     <span class='ocr_line' id='line_1_10' title="bbox 749 995 898 1063; baseline 0.007 -14"><span class='ocrx_word' id='word_1_41' title='bbox 749 997 815 1063; x_wconf 68' lang='lat' dir='ltr'>Qui,</span> <span class='ocrx_word' id='word_1_42' title='bbox 826 995 898 1051; x_wconf 67' lang='lat' dir='ltr'>cedo!</span> 
     </span>
    </p>
   </div>
   <div class='ocr_carea' id='block_1_6' title="bbox 188 1090 905 1766">
    <p class='ocr_par' dir='ltr' id='par_1_6' title="bbox 188 1090 905 1766">
     <span class='ocr_line' id='line_1_11' title="bbox 511 1090 647 1138; baseline 0.029 -4"><span class='ocrx_word' id='word_1_43' title='bbox 511 1090 524 1135; x_wconf 87' lang='lat' dir='ltr'>S</span> <span class='ocrx_word' id='word_1_44' title='bbox 541 1091 552 1134; x_wconf 85' lang='lat'>1</span> <span class='ocrx_word' id='word_1_45' title='bbox 569 1091 598 1136; x_wconf 90' lang='lat' dir='ltr'>M</span> <span class='ocrx_word' id='word_1_46' title='bbox 615 1091 647 1138; x_wconf 90' lang='grc' dir='ltr'>Ο.</span> 
     </span>
     <span class='ocr_line' id='line_1_12' title="bbox 236 1174 814 1244; baseline 0.002 -17"><span class='ocrx_word' id='word_1_47' title='bbox 236 1181 298 1227; x_wconf 83' lang='lat' dir='ltr'>Tute</span> <span class='ocrx_word' id='word_1_48' title='bbox 308 1175 355 1244; x_wconf 76' lang='lat' dir='ltr'>ipse</span> <span class='ocrx_word' id='word_1_49' title='bbox 365 1177 401 1226; x_wconf 77' lang='lat' dir='ltr'>hie</span> <span class='ocrx_word' id='word_1_50' title='bbox 414 1177 479 1230; x_wconf 84' lang='lat' dir='ltr'>rebus</span> <span class='ocrx_word' id='word_1_51' title='bbox 490 1174 563 1226; x_wconf 84' lang='lat' dir='ltr'>finem</span> <span class='ocrx_word' id='word_1_52' title='bbox 572 1175 710 1242; x_wconf 76' lang='lat' dir='ltr'>praescripsti</span> <span class='ocrx_word' id='word_1_53' title='bbox 720 1211 727 1234; x_wconf 94' lang='lat'>,</span> <span class='ocrx_word' id='word_1_54' title='bbox 740 1191 814 1243; x_wconf 80' lang='lat' dir='ltr'>patet.</span> 
     </span>
     <span class='ocr_line' id='line_1_13' title="bbox 237 1257 905 1326; baseline 0.003 -17"><span class='ocrx_word' id='word_1_55' title='bbox 237 1265 311 1326; x_wconf 80' lang='lat' dir='ltr'>Prope</span> <span class='ocrx_word' id='word_1_56' title='bbox 323 1260 385 1310; x_wconf 85' lang='lat' dir='ltr'>adest</span> <span class='ocrx_word' id='word_1_57' title='bbox 395 1295 401 1318; x_wconf 93' lang='lat'>‚</span> <span class='ocrx_word' id='word_1_58' title='bbox 413 1259 467 1309; x_wconf 71' lang='lat' dir='ltr'>com</span> <span class='ocrx_word' id='word_1_59' title='bbox 477 1257 557 1308; x_wconf 61' lang='lat' dir='ltr'>olieno</span> <span class='ocrx_word' id='word_1_60' title='bbox 567 1276 632 1309; x_wconf 83' lang='lat' dir='ltr'>more</span> <span class='ocrx_word' id='word_1_61' title='bbox 642 1259 773 1309; x_wconf 86' lang='lat' dir='ltr'>vivendum</span> <span class='ocrx_word' id='word_1_62' title='bbox 785 1273 818 1309; x_wconf 85' lang='lat' dir='ltr'>est</span> <span class='ocrx_word' id='word_1_63' title='bbox 828 1257 905 1311; x_wconf 65' lang='lat' dir='ltr'>mihis</span> 
     </span>
     <span class='ocr_line' id='line_1_14' title="bbox 236 1347 758 1400; baseline 0.004 -3"><span class='ocrx_word' id='word_1_64' title='bbox 236 1351 290 1398; x_wconf 86' lang='lat' dir='ltr'>Sine</span> <span class='ocrx_word' id='word_1_65' title='bbox 299 1365 361 1399; x_wconf 86' lang='lat' dir='ltr'><strong>nunc</strong></span> <span class='ocrx_word' id='word_1_66' title='bbox 371 1366 425 1398; x_wconf 88' lang='lat' dir='ltr'>meo</span> <span class='ocrx_word' id='word_1_67' title='bbox 435 1365 474 1398; x_wconf 88' lang='lat' dir='ltr'>me</span> <span class='ocrx_word' id='word_1_68' title='bbox 483 1351 563 1400; x_wconf 83' lang='lat' dir='ltr'>vivete</span> <span class='ocrx_word' id='word_1_69' title='bbox 573 1350 661 1396; x_wconf 79' lang='lat' dir='ltr'>interea</span> <span class='ocrx_word' id='word_1_70' title='bbox 672 1347 758 1400; x_wconf 85' lang='lat' dir='ltr'>modo.</span> 
     </span>
     <span class='ocr_line' id='line_1_15' title="bbox 500 1443 657 1488; baseline 0.006 -1"><span class='ocrx_word' id='word_1_71' title='bbox 500 1445 513 1487; x_wconf 83' lang='lat' dir='ltr'>S</span> <span class='ocrx_word' id='word_1_72' title='bbox 533 1445 556 1488; x_wconf 93' lang='lat'>0</span> <span class='ocrx_word' id='word_1_73' title='bbox 573 1445 586 1488; x_wconf 86' lang='lat' dir='ltr'>S</span> <span class='ocrx_word' id='word_1_74' title='bbox 601 1443 611 1486; x_wconf 92' lang='lat' dir='ltr'>I</span> <span class='ocrx_word' id='word_1_75' title='bbox 627 1443 657 1488; x_wconf 84' lang='lat' dir='ltr'>A.</span> 
     </span>
     <span class='ocr_line' id='line_1_16' title="bbox 238 1522 763 1593; baseline -0.006 -16"><span class='ocrx_word' id='word_1_76' title='bbox 238 1529 297 1588; x_wconf 76' lang='lat' dir='ltr'><strong>Quis</strong></span> <span class='ocrx_word' id='word_1_77' title='bbox 307 1527 379 1593; x_wconf 77' lang='lat' dir='ltr'>igitur</span> <span class='ocrx_word' id='word_1_78' title='bbox 386 1526 477 1578; x_wconf 68' lang='lat' dir='ltr'>telistus</span> <span class='ocrx_word' id='word_1_79' title='bbox 487 1540 520 1576; x_wconf 85' lang='lat' dir='ltr'>est</span> <span class='ocrx_word' id='word_1_80' title='bbox 531 1523 672 1591; x_wconf 80' lang='lat' dir='ltr'>objurgandi</span> <span class='ocrx_word' id='word_1_81' title='bbox 683 1522 763 1574; x_wconf 72' lang='lat' dir='ltr'>locus!</span> 
     </span>
     <span class='ocr_line' id='line_1_17' title="bbox 515 1615 648 1660; baseline 0 0"><span class='ocrx_word' id='word_1_82' title='bbox 515 1617 528 1660; x_wconf 89' lang='lat' dir='ltr'>S</span> <span class='ocrx_word' id='word_1_83' title='bbox 545 1616 555 1658; x_wconf 89' lang='lat'>1</span> <span class='ocrx_word' id='word_1_84' title='bbox 574 1615 599 1659; x_wconf 86' lang='lat' dir='ltr'>M</span> <span class='ocrx_word' id='word_1_85' title='bbox 617 1615 648 1660; x_wconf 89' lang='grc' dir='ltr'>Ο.</span> 
     </span>
     <span class='ocr_line' id='line_1_18' title="bbox 188 1697 762 1766; baseline 0.003 -22"><span class='ocrx_word' id='word_1_86' title='bbox 188 1708 230 1757; x_wconf 86' lang='lat'>155</span> <span class='ocrx_word' id='word_1_87' title='bbox 240 1699 261 1749; x_wconf 82' lang='lat' dir='ltr'>si</span> <span class='ocrx_word' id='word_1_88' title='bbox 269 1715 363 1766; x_wconf 81' lang='lat' dir='ltr'>propter</span> <span class='ocrx_word' id='word_1_89' title='bbox 374 1713 478 1750; x_wconf 85' lang='lat' dir='ltr'>amorem</span> <span class='ocrx_word' id='word_1_90' title='bbox 490 1713 585 1748; x_wconf 84' lang='lat' dir='ltr'>uxorem</span> <span class='ocrx_word' id='word_1_91' title='bbox 596 1698 657 1747; x_wconf 89' lang='lat' dir='ltr'>nolit</span> <span class='ocrx_word' id='word_1_92' title='bbox 667 1697 762 1756; x_wconf 85' lang='lat' dir='ltr'>ducere,</span> 
     </span>
    </p>
   </div>
   <div class='ocr_carea' id='block_1_7' title="bbox 240 1787 846 1855">
    <p class='ocr_par' dir='ltr' id='par_1_7' title="bbox 240 1787 846 1855">
     <span class='ocr_line' id='line_1_19' title="bbox 240 1787 846 1855; baseline 0.007 -18"><span class='ocrx_word' id='word_1_93' title='bbox 240 1793 272 1837; x_wconf 79' lang='lat' dir='ltr'>Ea</span> <span class='ocrx_word' id='word_1_94' title='bbox 282 1787 385 1854; x_wconf 64' lang='lat' dir='ltr'>primssun</span> <span class='ocrx_word' id='word_1_95' title='bbox 395 1787 424 1836; x_wconf 81' lang='lat' dir='ltr'>ab</span> <span class='ocrx_word' id='word_1_96' title='bbox 435 1789 479 1838; x_wconf 84' lang='lat' dir='ltr'>illo</span> <span class='ocrx_word' id='word_1_97' title='bbox 490 1789 696 1839; x_wconf 72' lang='lat' dir='ltr'>animadveoenda</span> <span class='ocrx_word' id='word_1_98' title='bbox 707 1789 793 1855; x_wconf 73' lang='lat' dir='ltr'>injuria</span> <span class='ocrx_word' id='word_1_99' title='bbox 803 1802 846 1841; x_wconf 80' lang='lat' dir='ltr'>est.</span> 
     </span>
    </p>
   </div>
   <div class='ocr_carea' id='block_1_8' title="bbox 159 1875 929 2636">
    <p class='ocr_par' dir='ltr' id='par_1_8' title="bbox 159 1875 929 2636">
     <span class='ocr_line' id='line_1_20' title="bbox 241 1875 916 1943; baseline 0.004 -19"><span class='ocrx_word' id='word_1_100' title='bbox 241 1879 269 1924; x_wconf 86' lang='lat' dir='ltr'>Et</span> <span class='ocrx_word' id='word_1_101' title='bbox 281 1891 343 1924; x_wconf 88' lang='lat' dir='ltr'><strong>nunc</strong></span> <span class='ocrx_word' id='word_1_102' title='bbox 354 1877 379 1924; x_wconf 87' lang='lat' dir='ltr'>id</span> <span class='ocrx_word' id='word_1_103' title='bbox 390 1893 484 1942; x_wconf 86' lang='lat' dir='ltr'>operam</span> <span class='ocrx_word' id='word_1_104' title='bbox 495 1878 541 1935; x_wconf 90' lang='lat' dir='ltr'>do,</span> <span class='ocrx_word' id='word_1_105' title='bbox 552 1893 578 1926; x_wconf 88' lang='lat' dir='ltr'>ut</span> <span class='ocrx_word' id='word_1_106' title='bbox 587 1893 629 1943; x_wconf 87' lang='lat' dir='ltr'>per</span> <span class='ocrx_word' id='word_1_107' title='bbox 638 1875 708 1926; x_wconf 85' lang='lat' dir='ltr'>falsas</span> <span class='ocrx_word' id='word_1_108' title='bbox 719 1880 812 1943; x_wconf 66' lang='lat' dir='ltr'><strong>nuptia</strong></span> <span class='ocrx_word' id='word_1_109' title='bbox 913 1937 916 1940; x_wconf 25' lang='grc' dir='ltr'>Ι</span> 
     </span>
     <span class='ocr_line' id='line_1_21' title="bbox 240 1963 732 2029; baseline 0.004 -18"><span class='ocrx_word' id='word_1_110' title='bbox 240 1967 301 2013; x_wconf 82' lang='lat' dir='ltr'>Vera</span> <span class='ocrx_word' id='word_1_111' title='bbox 311 1963 452 2028; x_wconf 82' lang='lat' dir='ltr'>objurgandi</span> <span class='ocrx_word' id='word_1_112' title='bbox 461 1979 528 2012; x_wconf 83' lang='lat' dir='ltr'>causa</span> <span class='ocrx_word' id='word_1_113' title='bbox 539 1966 569 2010; x_wconf 82' lang='lat' dir='ltr'>sit</span> <span class='ocrx_word' id='word_1_114' title='bbox 576 1967 611 2022; x_wconf 81' lang='lat' dir='ltr'>,si</span> <span class='ocrx_word' id='word_1_115' title='bbox 624 1963 732 2029; x_wconf 85' lang='lat' dir='ltr'>deneget.</span> 
     </span>
     <span class='ocr_line' id='line_1_22' title="bbox 159 2045 733 2112; baseline -0.01 -12"><span class='ocrx_word' id='word_1_116' title='bbox 159 2093 162 2100; x_wconf 95' lang='lat'><em>.</em></span> <span class='ocrx_word' id='word_1_117' title='bbox 207 2101 208 2104; x_wconf 64' lang='grc'>,</span> <span class='ocrx_word' id='word_1_118' title='bbox 241 2048 316 2098; x_wconf 85' lang='lat' dir='ltr'>Simul</span> <span class='ocrx_word' id='word_1_119' title='bbox 326 2047 447 2098; x_wconf 83' lang='lat' dir='ltr'>sceleratus</span> <span class='ocrx_word' id='word_1_120' title='bbox 457 2052 537 2096; x_wconf 85' lang='lat' dir='ltr'>Davus</span> <span class='ocrx_word' id='word_1_121' title='bbox 548 2048 567 2092; x_wconf 88' lang='lat' dir='ltr'>si</span> <span class='ocrx_word' id='word_1_122' title='bbox 579 2047 637 2112; x_wconf 88' lang='lat' dir='ltr'>quid</span> <span class='ocrx_word' id='word_1_123' title='bbox 648 2045 733 2095; x_wconf 68' lang='lat' dir='ltr'>consili</span> 
     </span>
     <span class='ocr_line' id='line_1_23' title="bbox 188 2127 899 2193; baseline -0.004 -10"><span class='ocrx_word' id='word_1_124' title='bbox 188 2140 234 2183; x_wconf 83' lang='lat'>160</span> <span class='ocrx_word' id='word_1_125' title='bbox 245 2136 337 2193; x_wconf 83' lang='lat' dir='ltr'>Habet,</span> <span class='ocrx_word' id='word_1_126' title='bbox 349 2148 375 2184; x_wconf 89' lang='lat' dir='ltr'>ut</span> <span class='ocrx_word' id='word_1_127' title='bbox 384 2145 506 2183; x_wconf 81' lang='lat' dir='ltr'>consumat</span> <span class='ocrx_word' id='word_1_128' title='bbox 516 2146 595 2190; x_wconf 85' lang='lat' dir='ltr'>nunc,</span> <span class='ocrx_word' id='word_1_129' title='bbox 606 2129 659 2180; x_wconf 68' lang='lat' dir='ltr'>com</span> <span class='ocrx_word' id='word_1_130' title='bbox 668 2129 730 2179; x_wconf 86' lang='lat' dir='ltr'><strong>nihil</strong></span> <span class='ocrx_word' id='word_1_131' title='bbox 742 2129 822 2182; x_wconf 80' lang='lat' dir='ltr'>obsint</span> <span class='ocrx_word' id='word_1_132' title='bbox 832 2127 899 2180; x_wconf 74' lang='lat' dir='ltr'>dolie</span> 
     </span>
     <span class='ocr_line' id='line_1_24' title="bbox 244 2220 929 2290; baseline -0.004 -16"><span class='ocrx_word' id='word_1_133' title='bbox 244 2231 323 2286; x_wconf 85' lang='lat' dir='ltr'><strong>Quem</strong></span> <span class='ocrx_word' id='word_1_134' title='bbox 335 2241 379 2290; x_wconf 79' lang='lat' dir='ltr'>ego</span> <span class='ocrx_word' id='word_1_135' title='bbox 390 2222 459 2271; x_wconf 85' lang='lat' dir='ltr'>credo</span> <span class='ocrx_word' id='word_1_136' title='bbox 469 2220 577 2270; x_wconf 69' lang='lat' dir='ltr'>manibus</span> <span class='ocrx_word' id='word_1_137' title='bbox 587 2220 730 2287; x_wconf 74' lang='lat' dir='ltr'>pedibusque</span> <span class='ocrx_word' id='word_1_138' title='bbox 744 2221 830 2270; x_wconf 83' lang='lat' dir='ltr'>obnixe</span> <span class='ocrx_word' id='word_1_139' title='bbox 842 2221 929 2272; x_wconf 72' lang='lat' dir='ltr'>omnia</span> 
     </span>
     <span class='ocr_line' id='line_1_25' title="bbox 245 2306 888 2377; baseline -0.009 -15"><span class='ocrx_word' id='word_1_140' title='bbox 245 2315 381 2370; x_wconf 63' lang='lat' dir='ltr'>raaurum,</span> <span class='ocrx_word' id='word_1_141' title='bbox 394 2312 468 2377; x_wconf 82' lang='lat' dir='ltr'>magis</span> <span class='ocrx_word' id='word_1_142' title='bbox 479 2311 505 2358; x_wconf 89' lang='lat' dir='ltr'>id</span> <span class='ocrx_word' id='word_1_143' title='bbox 515 2309 589 2368; x_wconf 86' lang='lat' dir='ltr'>adeo,</span> <span class='ocrx_word' id='word_1_144' title='bbox 600 2310 662 2359; x_wconf 86' lang='lat' dir='ltr'><strong>mihi</strong></span> <span class='ocrx_word' id='word_1_145' title='bbox 674 2322 701 2357; x_wconf 90' lang='lat' dir='ltr'>ut</span> <span class='ocrx_word' id='word_1_146' title='bbox 710 2306 888 2367; x_wconf 77' lang='lat' dir='ltr'>incommodet,</span> 
     </span>
     <span class='ocr_line' id='line_1_26' title="bbox 246 2395 606 2462; baseline -0.008 -17"><span class='ocrx_word' id='word_1_147' title='bbox 246 2395 325 2459; x_wconf 54' lang='lat' dir='ltr'>Quom</span> <span class='ocrx_word' id='word_1_148' title='bbox 336 2410 362 2447; x_wconf 88' lang='lat' dir='ltr'>ut</span> <span class='ocrx_word' id='word_1_149' title='bbox 373 2396 512 2462; x_wconf 75' lang='lat' dir='ltr'>obsequatur</span> <span class='ocrx_word' id='word_1_150' title='bbox 522 2406 606 2459; x_wconf 82' lang='lat' dir='ltr'>gnato.</span> 
     </span>
     <span class='ocr_line' id='line_1_27' title="bbox 507 2483 663 2532; baseline -0.013 0"><span class='ocrx_word' id='word_1_151' title='bbox 507 2486 561 2532; x_wconf 81' lang='lat'>80</span> <span class='ocrx_word' id='word_1_152' title='bbox 576 2486 590 2530; x_wconf 82' lang='lat' dir='ltr'>S</span> <span class='ocrx_word' id='word_1_153' title='bbox 606 2483 617 2527; x_wconf 87' lang='grc' dir='ltr'>Ι</span> <span class='ocrx_word' id='word_1_154' title='bbox 632 2483 663 2530; x_wconf 87' lang='lat' dir='ltr'>A.</span> 
     </span>
     <span class='ocr_line' id='line_1_28' title="bbox 599 2574 757 2636; baseline 0.013 -19"><span class='ocrx_word' id='word_1_155' title='bbox 599 2574 757 2636; x_wconf 74' lang='lat' dir='ltr'>Quaproptet!</span> 
     </span>
    </p>
   </div>
   <div class='ocr_carea' id='block_1_9' title="bbox 519 2653 864 2778">
    <p class='ocr_par' dir='ltr' id='par_1_9' title="bbox 519 2653 864 2778">
     <span class='ocr_line' id='line_1_29' title="bbox 519 2653 655 2704; baseline 0.007 -2"><span class='ocrx_word' id='word_1_156' title='bbox 519 2657 532 2702; x_wconf 80' lang='lat' dir='ltr'><strong>S</strong></span> <span class='ocrx_word' id='word_1_157' title='bbox 550 2653 559 2698; x_wconf 85' lang='grc' dir='ltr'>Ι</span> <span class='ocrx_word' id='word_1_158' title='bbox 577 2653 605 2700; x_wconf 87' lang='lat' dir='ltr'>M</span> <span class='ocrx_word' id='word_1_159' title='bbox 623 2655 655 2704; x_wconf 79' lang='lat'>0.</span> 
     </span>
     <span class='ocr_line' id='line_1_30' title="bbox 638 2711 864 2778; baseline -0.022 -11"><span class='ocrx_word' id='word_1_160' title='bbox 638 2715 642 2724; x_wconf 89' lang='grc'><strong><em>’</em></strong></span> <span class='ocrx_word' id='word_1_161' title='bbox 770 2711 864 2778; x_wconf 74' lang='lat' dir='ltr'>Rogas!</span> 
     </span>
    </p>
   </div>
   <div class='ocr_carea' id='block_1_10' title="bbox 0 0 1078 3688">
    <p class='ocr_par' dir='ltr' id='par_1_10' title="bbox 0 0 1078 3688">
     <span class='ocr_line' id='line_1_31' title="bbox 0 0 1078 3688; baseline 0 0"><span class='ocrx_word' id='word_1_162' title='bbox 0 0 1078 3688; x_wconf 95' lang='lat' dir='ltr'> </span> 
     </span>
    </p>
   </div>
  </div>
 </body>
</html>
