2110 3688
244 318 268 384 4
389 293 781 365 Ancumuurum

242 421 300 488 filia
313 419 479 502 Chryside,
493 422 554 502 pari
564 437 714 502 utramque
726 420 842 495 studio,
855 418 928 482 eduu'

240 543 356 599 casser,
374 523 487 586 decedit
499 527 560 605 ipse
572 545 688 606 quoquc
699 525 814 587 devita.
831 523 927 605 Chry·

238 635 297 705 uis,
314 651 378 712 quae
392 629 419 691 se
431 628 535 692 orbam
548 627 580 688 dt
594 629 712 708 inopem
724 613 856 701 videret,
871 626 926 696 ab.

238 731 321 814 reptd
334 753 432 793 secum
451 729 616 812 Glycerio,
640 731 772 792 Athenas
787 733 926 812 navigat,

238 834 288 895 ubi
317 833 384 894 chm
414 831 579 912 aliquandiu
602 831 694 892 vitam
718 831 785 901 lanii
808 831 924 913 telique

237 939 411 1013 tolerasset,
430 935 468 998 ad
484 955 686 1017 postremum,
706 935 923 997 adolescentum

236 1037 428 1101 blanditiis&
446 1038 696 1120 pollicitationibus
716 1033 810 1111 villa,
831 1059 923 1118 quaes·

236 1155 300 1209 tum
313 1159 433 1224 corpore
453 1137 546 1208 facere
563 1139 679 1222 incepit.
700 1135 870 1196 Ventitabat
884 1138 922 1199 ad

236 1259 303 1298 eam
315 1225 388 1298 inter
401 1253 512 1298 ceteros
531 1235 712 1316 Pamphilus,
740 1235 865 1298 Simonis
885 1237 922 1297 fi-

235 1341 311 1416 lius,
325 1343 454 1423 probus,
468 1340 501 1403 &
522 1341 629 1402 liberali
647 1341 783 1420 praedirus
804 1345 920 1424 ingenio

234 1441 402 1504 adolescens
415 1487 423 1516 ‚
436 1443 554 1523 quinon
567 1438 721 1521 Chrysidis
733 1441 778 1502 ille
789 1445 919 1524 quidem,

199 1546 203 1556 ’
233 1544 285 1604 sed
297 1545 385 1625 ipsius
397 1542 531 1627 Glycerii
544 1540 663 1602 mirifico
677 1545 803 1625 quodam
819 1571 920 1614 amore

232 1664 405 1725 percussus,
427 1647 533 1727 primus
548 1687 558 1718 ,
575 1644 712 1725 solusque
726 1666 792 1704 curn
807 1667 841 1706 ea
855 1663 917 1708 rem

233 1745 349 1821 habuit,
368 1743 513 1824 iidemque
532 1740 591 1822 jam
610 1743 736 1823 gravidae
756 1742 835 1803 dedit
850 1765 917 1805 eam

234 1849 286 1907 sibi
309 1866 430 1908 uxorem
451 1844 523 1904 fore.
562 1841 734 1924 Susceperat
757 1842 789 1904 &
813 1865 916 1926 postea

236 1943 377 2006 Chremes
389 1944 472 2004 aliam
484 1941 590 2016 filiam,
611 1943 810 2003 Philumenam
822 1949 917 2006 nomi·

155 2047 160 2056 '
232 2063 288 2113 ue,
302 2064 423 2124 eamque
438 2039 515 2121 (jam
530 2043 607 2100 eninr
620 2041 720 2100 nubilis
733 2041 814 2122 erat)
832 2041 916 2104 Pam·

230 2135 309 2218 philo
316 2181 328 2214 ‚
346 2139 423 2201 hond
442 2135 633 2200 adolescentis
655 2137 793 2217 impulsus
813 2136 891 2200 famd
901 2185 913 2212 ,

229 2240 370 2321 collocare
386 2240 529 2322 cupiebat.
552 2237 638 2318 Quid
656 2239 765 2298 multa?
786 2240 861 2300 ultro
876 2243 914 2306 ad

230 2339 380 2404 Simonem
390 2344 490 2413 uertit,
504 2361 569 2426 curn
580 2360 616 2404 co
627 2342 777 2420 negotium
788 2339 912 2418 conficit.

229 2435 323 2520 luscio
338 2437 505 2518 Pamphilo,
519 2439 555 2526 de
569 2441 715 2504 communi
728 2461 830 2534 senum
843 2463 913 2512 sen,

227 2539 336 2609 tentia,
354 2533 494 2605 faciundis
513 2542 617 2620 nuptiis
639 2545 820 2603 constituitur
839 2545 912 2614 dies.

227 2633 332 2707 Adhuc
349 2635 410 2714 haec
431 2653 530 2710 erant,
550 2639 615 2696 cum
638 2638 761 2719 Chrysis
780 2643 911 2721 moritur,

192 2733 197 2826 ¹.
226 2736 271 2810 lbi
283 2739 409 2840 primun
424 2739 505 2818 Simo
524 2741 559 2811 dr
574 2741 623 2808 filii
636 2763 735 2818 amore
753 2747 909 2843 cognovitt
