<?xml version="1.0" encoding="UTF-8"?>
<!DOCTYPE html PUBLIC "-//W3C//DTD XHTML 1.0 Transitional//EN"
    "http://www.w3.org/TR/xhtml1/DTD/xhtml1-transitional.dtd">
<html xmlns="http://www.w3.org/1999/xhtml" xml:lang="en" lang="en">
 <head>
  <title>
</title>
<meta http-equiv="Content-Type" content="text/html;charset=utf-8" />
  <meta name='ocr-system' content='tesseract 3.04.00' />
  <meta name='ocr-capabilities' content='ocr_page ocr_carea ocr_par ocr_line ocrx_word'/>
</head>
<body>
  <div class='ocr_page' id='page_1' title='image "./publiiterentiia04teregoog/publiiterentiia04teregoog_0179.png"; bbox 0 0 2144 3678; ppageno 0'>
   <div class='ocr_carea' id='block_1_1' title="bbox 314 195 816 297">
    <p class='ocr_par' dir='ltr' id='par_1_1' title="bbox 314 195 816 297">
     <span class='ocr_line' id='line_1_1' title="bbox 314 195 816 297; baseline 0.01 -27"><span class='ocrx_word' id='word_1_1' title='bbox 314 195 650 290; x_wconf 40' lang='lat' dir='ltr'>ruuucuvu1</span> <span class='ocrx_word' id='word_1_2' title='bbox 755 223 816 297; x_wconf 57' lang='lat' dir='ltr'>ru</span> 
     </span>
    </p>
   </div>
   <div class='ocr_carea' id='block_1_2' title="bbox 131 329 879 410">
    <p class='ocr_par' dir='ltr' id='par_1_2' title="bbox 131 329 879 410">
     <span class='ocr_line' id='line_1_2' title="bbox 131 329 879 410; baseline 0.008 -28"><span class='ocrx_word' id='word_1_3' title='bbox 131 329 174 383; x_wconf 82' lang='lat' dir='ltr'>Sed</span> <span class='ocrx_word' id='word_1_4' title='bbox 184 329 221 383; x_wconf 87' lang='lat' dir='ltr'>his</span> <span class='ocrx_word' id='word_1_5' title='bbox 232 330 297 384; x_wconf 90' lang='lat' dir='ltr'>ultro</span> <span class='ocrx_word' id='word_1_6' title='bbox 305 333 414 394; x_wconf 80' lang='lat' dir='ltr'>arrideo,</span> <span class='ocrx_word' id='word_1_7' title='bbox 425 337 450 384; x_wconf 74' lang='grc' dir='ltr'>δι</span> <span class='ocrx_word' id='word_1_8' title='bbox 464 349 546 386; x_wconf 85' lang='lat' dir='ltr'>eorum</span> <span class='ocrx_word' id='word_1_9' title='bbox 557 335 653 401; x_wconf 77' lang='lat' dir='ltr'>ingenia</span> <span class='ocrx_word' id='word_1_10' title='bbox 667 336 774 388; x_wconf 87' lang='lat' dir='ltr'>admiror</span> <span class='ocrx_word' id='word_1_11' title='bbox 786 341 818 388; x_wconf 85' lang='lat' dir='ltr'>ei·</span> <span class='ocrx_word' id='word_1_12' title='bbox 829 359 879 410; x_wconf 82' lang='lat'>²5⁰</span> 
     </span>
    </p>
   </div>
   <div class='ocr_carea' id='block_1_3' title="bbox 129 422 820 826">
    <p class='ocr_par' dir='ltr' id='par_1_3' title="bbox 196 422 263 473">
     <span class='ocr_line' id='line_1_3' title="bbox 196 422 263 473; baseline 0.045 -3"><span class='ocrx_word' id='word_1_13' title='bbox 196 422 247 472; x_wconf 89' lang='lat' dir='ltr'>mul</span> <span class='ocrx_word' id='word_1_14' title='bbox 256 441 263 473; x_wconf 74' lang='grc' dir='ltr'><strong>ε</strong></span> 
     </span>
    </p>

    <p class='ocr_par' dir='ltr' id='par_1_4' title="bbox 129 509 818 672">
     <span class='ocr_line' id='line_1_4' title="bbox 129 509 818 583; baseline 0.015 -26"><span class='ocrx_word' id='word_1_15' title='bbox 129 509 254 576; x_wconf 81' lang='lat' dir='ltr'><strong>Quidquid</strong></span> <span class='ocrx_word' id='word_1_16' title='bbox 264 511 346 562; x_wconf 85' lang='lat' dir='ltr'>dicunt</span> <span class='ocrx_word' id='word_1_17' title='bbox 354 545 363 574; x_wconf 88' lang='lat'><em>,</em></span> <span class='ocrx_word' id='word_1_18' title='bbox 371 509 458 562; x_wconf 80' lang='lat' dir='ltr'>laudo:</span> <span class='ocrx_word' id='word_1_19' title='bbox 474 512 499 563; x_wconf 88' lang='lat' dir='ltr'>id</span> <span class='ocrx_word' id='word_1_20' title='bbox 505 529 596 566; x_wconf 82' lang='lat' dir='ltr'>rursum</span> <span class='ocrx_word' id='word_1_21' title='bbox 604 515 623 565; x_wconf 90' lang='lat' dir='ltr'>si</span> <span class='ocrx_word' id='word_1_22' title='bbox 630 529 734 583; x_wconf 80' lang='lat' dir='ltr'>negant,</span> <span class='ocrx_word' id='word_1_23' title='bbox 744 516 818 567; x_wconf 89' lang='lat' dir='ltr'>laudo</span> 
     </span>
     <span class='ocr_line' id='line_1_5' title="bbox 196 593 447 672; baseline -0.012 -29"><span class='ocrx_word' id='word_1_24' title='bbox 196 593 223 644; x_wconf 86' lang='lat' dir='ltr'>id</span> <span class='ocrx_word' id='word_1_25' title='bbox 234 609 343 660; x_wconf 86' lang='lat' dir='ltr'>quoque:</span> <span class='ocrx_word' id='word_1_26' title='bbox 446 669 447 672; x_wconf 7' lang='grc' dir='ltr'><strong>Ἴ</strong></span> 
     </span>
    </p>

    <p class='ocr_par' dir='ltr' id='par_1_5' title="bbox 130 684 820 826">
     <span class='ocr_line' id='line_1_6' title="bbox 130 684 820 752; baseline 0.004 -19"><span class='ocrx_word' id='word_1_27' title='bbox 130 685 209 750; x_wconf 81' lang='lat' dir='ltr'>Negat</span> <span class='ocrx_word' id='word_1_28' title='bbox 217 686 283 750; x_wconf 71' lang='lat' dir='ltr'>quis?</span> <span class='ocrx_word' id='word_1_29' title='bbox 294 699 365 752; x_wconf 73' lang='lat' dir='ltr'>nepo.</span> <span class='ocrx_word' id='word_1_30' title='bbox 376 684 419 735; x_wconf 76' lang='lat' dir='ltr'>Ait</span> <span class='ocrx_word' id='word_1_31' title='bbox 426 691 435 736; x_wconf 81' lang='lat' dir='ltr'>i</span> <span class='ocrx_word' id='word_1_32' title='bbox 443 686 497 735; x_wconf 87' lang='lat' dir='ltr'>aio:</span> <span class='ocrx_word' id='word_1_33' title='bbox 507 684 627 752; x_wconf 78' lang='lat' dir='ltr'>postremo</span> <span class='ocrx_word' id='word_1_34' title='bbox 636 689 751 752; x_wconf 76' lang='lat' dir='ltr'>imperavi</span> <span class='ocrx_word' id='word_1_35' title='bbox 762 701 820 752; x_wconf 76' lang='lat' dir='ltr'>epo·</span> 
     </span>
     <span class='ocr_line' id='line_1_7' title="bbox 195 777 317 826; baseline 0.008 -2"><span class='ocrx_word' id='word_1_36' title='bbox 195 791 245 826; x_wconf 82' lang='lat' dir='ltr'>met</span> <span class='ocrx_word' id='word_1_37' title='bbox 255 777 317 826; x_wconf 86' lang='lat' dir='ltr'>mihi</span> 
     </span>
    </p>
   </div>
   <div class='ocr_carea' id='block_1_4' title="bbox 131 862 818 997">
    <p class='ocr_par' dir='ltr' id='par_1_6' title="bbox 131 862 818 997">
     <span class='ocr_line' id='line_1_8' title="bbox 131 862 818 933; baseline 0.009 -25"><span class='ocrx_word' id='word_1_38' title='bbox 131 862 221 910; x_wconf 85' lang='lat' dir='ltr'>omnia</span> <span class='ocrx_word' id='word_1_39' title='bbox 233 863 353 915; x_wconf 81' lang='lat' dir='ltr'>assentari.</span> <span class='ocrx_word' id='word_1_40' title='bbox 370 865 391 914; x_wconf 87' lang='lat' dir='ltr'>Is</span> <span class='ocrx_word' id='word_1_41' title='bbox 401 879 501 933; x_wconf 77' lang='lat' dir='ltr'>quartur</span> <span class='ocrx_word' id='word_1_42' title='bbox 510 878 574 916; x_wconf 84' lang='lat' dir='ltr'>nunc</span> <span class='ocrx_word' id='word_1_43' title='bbox 584 876 618 914; x_wconf 82' lang='lat' dir='ltr'>eet</span> <span class='ocrx_word' id='word_1_44' title='bbox 633 862 712 914; x_wconf 81' lang='lat' dir='ltr'>multe</span> <span class='ocrx_word' id='word_1_45' title='bbox 729 863 818 916; x_wconf 79' lang='lat' dir='ltr'>uberri-</span> 
     </span>
     <span class='ocr_line' id='line_1_9' title="bbox 196 959 258 997; baseline 0.065 -4"><span class='ocrx_word' id='word_1_46' title='bbox 196 959 258 997; x_wconf 85' lang='lat' dir='ltr'>mus.</span> 
     </span>
    </p>
   </div>
   <div class='ocr_carea' id='block_1_5' title="bbox 340 1035 604 1086">
    <p class='ocr_par' dir='ltr' id='par_1_7' title="bbox 340 1035 604 1086">
     <span class='ocr_line' id='line_1_10' title="bbox 340 1035 604 1086; baseline -0.008 -2"><span class='ocrx_word' id='word_1_47' title='bbox 340 1035 604 1086; x_wconf 77' lang='lat' dir='ltr'>PARMENO.</span> 
     </span>
    </p>
   </div>
   <div class='ocr_carea' id='block_1_6' title="bbox 131 1141 818 1282">
    <p class='ocr_par' dir='ltr' id='par_1_8' title="bbox 131 1141 818 1282">
     <span class='ocr_line' id='line_1_11' title="bbox 131 1141 818 1210; baseline 0.004 -19"><span class='ocrx_word' id='word_1_48' title='bbox 131 1141 219 1192; x_wconf 84' lang='lat' dir='ltr'>scitum</span> <span class='ocrx_word' id='word_1_49' title='bbox 231 1141 309 1192; x_wconf 85' lang='lat' dir='ltr'>hercle</span> <span class='ocrx_word' id='word_1_50' title='bbox 324 1144 469 1194; x_wconf 81' lang='lat' dir='ltr'>homiuem!</span> <span class='ocrx_word' id='word_1_51' title='bbox 486 1144 525 1193; x_wconf 85' lang='lat' dir='ltr'>hic</span> <span class='ocrx_word' id='word_1_52' title='bbox 538 1143 647 1194; x_wconf 81' lang='lat' dir='ltr'>hemines</span> <span class='ocrx_word' id='word_1_53' title='bbox 665 1156 774 1210; x_wconf 80' lang='lat' dir='ltr'>prorsum</span> <span class='ocrx_word' id='word_1_54' title='bbox 788 1155 818 1194; x_wconf 79' lang='lat' dir='ltr'>es</span> 
     </span>
     <span class='ocr_line' id='line_1_12' title="bbox 195 1227 452 1282; baseline 0.012 -3"><span class='ocrx_word' id='word_1_55' title='bbox 195 1229 273 1279; x_wconf 83' lang='lat' dir='ltr'>eruitis</span> <span class='ocrx_word' id='word_1_56' title='bbox 281 1230 376 1280; x_wconf 79' lang='lat' dir='ltr'>insanos</span> <span class='ocrx_word' id='word_1_57' title='bbox 386 1227 452 1282; x_wconf 79' lang='lat' dir='ltr'>iacit.</span> 
     </span>
    </p>
   </div>
   <div class='ocr_carea' id='block_1_7' title="bbox 130 1347 875 1863">
    <p class='ocr_par' dir='ltr' id='par_1_9' title="bbox 130 1347 875 1863">
     <span class='ocr_line' id='line_1_13' title="bbox 357 1347 581 1397; baseline 0.013 -3"><span class='ocrx_word' id='word_1_58' title='bbox 357 1351 378 1394; x_wconf 82' lang='lat' dir='ltr'>G</span> <span class='ocrx_word' id='word_1_59' title='bbox 393 1348 418 1395; x_wconf 86' lang='lat' dir='ltr'>N</span> <span class='ocrx_word' id='word_1_60' title='bbox 433 1349 454 1395; x_wconf 80' lang='grc' dir='ltr'>Α</span> <span class='ocrx_word' id='word_1_61' title='bbox 470 1349 492 1393; x_wconf 86' lang='grc' dir='ltr'><strong>Τ</strong></span> <span class='ocrx_word' id='word_1_62' title='bbox 508 1347 531 1394; x_wconf 84' lang='grc' dir='ltr'><strong>Η</strong></span> <span class='ocrx_word' id='word_1_63' title='bbox 548 1347 581 1397; x_wconf 92' lang='grc'>0.</span> 
     </span>
     <span class='ocr_line' id='line_1_14' title="bbox 130 1431 875 1504; baseline -0.009 -14"><span class='ocrx_word' id='word_1_64' title='bbox 130 1441 197 1490; x_wconf 82' lang='lat' dir='ltr'>Dum</span> <span class='ocrx_word' id='word_1_65' title='bbox 209 1437 259 1488; x_wconf 74' lang='lat' dir='ltr'>hac</span> <span class='ocrx_word' id='word_1_66' title='bbox 273 1436 409 1504; x_wconf 82' lang='lat' dir='ltr'>loquimur,</span> <span class='ocrx_word' id='word_1_67' title='bbox 426 1438 516 1486; x_wconf 84' lang='lat' dir='ltr'>interra</span> <span class='ocrx_word' id='word_1_68' title='bbox 529 1433 577 1484; x_wconf 83' lang='lat' dir='ltr'>lori</span> <span class='ocrx_word' id='word_1_69' title='bbox 590 1431 621 1484; x_wconf 86' lang='lat' dir='ltr'>ad</span> <span class='ocrx_word' id='word_1_70' title='bbox 633 1434 764 1486; x_wconf 77' lang='lat' dir='ltr'><strong>macellum</strong></span> <span class='ocrx_word' id='word_1_71' title='bbox 774 1435 815 1486; x_wconf 82' lang='lat' dir='ltr'>ubi</span> <span class='ocrx_word' id='word_1_72' title='bbox 829 1445 875 1497; x_wconf 84' lang='lat'>255</span> 
     </span>
     <span class='ocr_line' id='line_1_15' title="bbox 196 1527 352 1582; baseline -0.019 -5"><span class='ocrx_word' id='word_1_73' title='bbox 196 1527 352 1582; x_wconf 78' lang='lat' dir='ltr'>advenimus,</span> 
     </span>
     <span class='ocr_line' id='line_1_16' title="bbox 131 1613 783 1680; baseline 0.002 -16"><span class='ocrx_word' id='word_1_74' title='bbox 131 1616 280 1664; x_wconf 85' lang='lat' dir='ltr'>Concurrunt</span> <span class='ocrx_word' id='word_1_75' title='bbox 290 1615 336 1666; x_wconf 78' lang='lat' dir='ltr'>lari</span> <span class='ocrx_word' id='word_1_76' title='bbox 348 1613 409 1662; x_wconf 84' lang='lat' dir='ltr'>mihi</span> <span class='ocrx_word' id='word_1_77' title='bbox 418 1613 517 1663; x_wconf 82' lang='lat' dir='ltr'>obviam</span> <span class='ocrx_word' id='word_1_78' title='bbox 526 1613 671 1680; x_wconf 81' lang='lat' dir='ltr'>cupedinarii</span> <span class='ocrx_word' id='word_1_79' title='bbox 684 1621 767 1665; x_wconf 78' lang='lat' dir='ltr'>omnes</span> <span class='ocrx_word' id='word_1_80' title='bbox 774 1646 783 1674; x_wconf 88' lang='lat'><strong>,</strong></span> 
     </span>
     <span class='ocr_line' id='line_1_17' title="bbox 131 1697 818 1767; baseline 0.001 -16"><span class='ocrx_word' id='word_1_81' title='bbox 131 1703 236 1760; x_wconf 77' lang='lat' dir='ltr'>cetarii,</span> <span class='ocrx_word' id='word_1_82' title='bbox 247 1699 318 1757; x_wconf 83' lang='lat' dir='ltr'>lanii,</span> <span class='ocrx_word' id='word_1_83' title='bbox 332 1703 420 1766; x_wconf 86' lang='lat' dir='ltr'>coqui,</span> <span class='ocrx_word' id='word_1_84' title='bbox 433 1697 547 1758; x_wconf 79' lang='lat' dir='ltr'>fartores,</span> <span class='ocrx_word' id='word_1_85' title='bbox 558 1702 684 1764; x_wconf 78' lang='lat' dir='ltr'>piscatores</span> <span class='ocrx_word' id='word_1_86' title='bbox 692 1734 700 1759; x_wconf 95' lang='lat'>,</span> <span class='ocrx_word' id='word_1_87' title='bbox 708 1713 818 1767; x_wconf 68' lang='lat' dir='ltr'>aucupet,</span> 
     </span>
     <span class='ocr_line' id='line_1_18' title="bbox 131 1789 817 1863; baseline -0.003 -19"><span class='ocrx_word' id='word_1_88' title='bbox 131 1794 223 1858; x_wconf 81' lang='lat' dir='ltr'>Quibus</span> <span class='ocrx_word' id='word_1_89' title='bbox 232 1827 239 1852; x_wconf 88' lang='lat'>‚</span> <span class='ocrx_word' id='word_1_90' title='bbox 249 1795 273 1842; x_wconf 72' lang='grc' dir='ltr'>δι</span> <span class='ocrx_word' id='word_1_91' title='bbox 280 1807 304 1842; x_wconf 89' lang='lat' dir='ltr'>re</span> <span class='ocrx_word' id='word_1_92' title='bbox 313 1790 379 1842; x_wconf 83' lang='lat' dir='ltr'>salva</span> <span class='ocrx_word' id='word_1_93' title='bbox 390 1793 414 1840; x_wconf 72' lang='grc' dir='ltr'>δι</span> <span class='ocrx_word' id='word_1_94' title='bbox 420 1789 520 1857; x_wconf 78' lang='lat' dir='ltr'>perdita,</span> <span class='ocrx_word' id='word_1_95' title='bbox 531 1789 681 1863; x_wconf 81' lang='lat' dir='ltr'>profueram,</span> <span class='ocrx_word' id='word_1_96' title='bbox 689 1793 713 1841; x_wconf 70' lang='grc' dir='ltr'>δε</span> <span class='ocrx_word' id='word_1_97' title='bbox 720 1795 817 1857; x_wconf 75' lang='lat' dir='ltr'>prosum</span> 
     </span>
    </p>
   </div>
   <div class='ocr_carea' id='block_1_8' title="bbox 130 1899 816 2032">
    <p class='ocr_par' dir='ltr' id='par_1_10' title="bbox 130 1899 816 2032">
     <span class='ocr_line' id='line_1_19' title="bbox 197 1901 268 1934; baseline 0.028 -2"><span class='ocrx_word' id='word_1_98' title='bbox 197 1901 207 1932; x_wconf 79' lang='lat' dir='ltr'>S</span> <span class='ocrx_word' id='word_1_99' title='bbox 243 1901 268 1934; x_wconf 64' lang='grc' dir='ltr'>ἐξ</span> 
     </span>
     <span class='ocr_line' id='line_1_20' title="bbox 130 1899 816 2032; baseline -0.012 -12"><span class='ocrx_word' id='word_1_100' title='bbox 130 1899 241 2020; x_wconf 45' lang='lat' dir='ltr'>salurass³</span> <span class='ocrx_word' id='word_1_101' title='bbox 246 1989 253 2020; x_wconf 71' lang='grc' dir='ltr'><strong>ε</strong></span> <span class='ocrx_word' id='word_1_102' title='bbox 266 1967 296 2018; x_wconf 87' lang='lat' dir='ltr'>ad</span> <span class='ocrx_word' id='word_1_103' title='bbox 306 1982 399 2018; x_wconf 76' lang='lat' dir='ltr'>trenam</span> <span class='ocrx_word' id='word_1_104' title='bbox 409 1980 507 2018; x_wconf 79' lang='lat' dir='ltr'>vocant:</span> <span class='ocrx_word' id='word_1_105' title='bbox 521 1963 651 2016; x_wconf 83' lang='lat' dir='ltr'>adventum</span> <span class='ocrx_word' id='word_1_106' title='bbox 661 1963 816 2032; x_wconf 72' lang='lat' dir='ltr'>gratulantur.</span> 
     </span>
    </p>
   </div>
   <div class='ocr_carea' id='block_1_9' title="bbox 131 2055 877 2744">
    <p class='ocr_par' dir='ltr' id='par_1_11' title="bbox 131 2055 877 2214">
     <span class='ocr_line' id='line_1_21' title="bbox 131 2055 877 2122; baseline -0.008 -10"><span class='ocrx_word' id='word_1_107' title='bbox 131 2061 178 2114; x_wconf 84' lang='lat' dir='ltr'>ille</span> <span class='ocrx_word' id='word_1_108' title='bbox 193 2063 236 2112; x_wconf 88' lang='lat' dir='ltr'>ubi</span> <span class='ocrx_word' id='word_1_109' title='bbox 252 2062 322 2111; x_wconf 85' lang='lat' dir='ltr'>miser</span> <span class='ocrx_word' id='word_1_110' title='bbox 336 2092 344 2122; x_wconf 88' lang='lat'>,</span> <span class='ocrx_word' id='word_1_111' title='bbox 360 2057 483 2110; x_wconf 81' lang='lat' dir='ltr'>famelicus</span> <span class='ocrx_word' id='word_1_112' title='bbox 495 2090 504 2119; x_wconf 89' lang='lat'>‚</span> <span class='ocrx_word' id='word_1_113' title='bbox 518 2057 585 2110; x_wconf 79' lang='lat' dir='ltr'>videt</span> <span class='ocrx_word' id='word_1_114' title='bbox 597 2073 636 2109; x_wconf 80' lang='lat' dir='ltr'>nee</span> <span class='ocrx_word' id='word_1_115' title='bbox 652 2073 699 2108; x_wconf 82' lang='lat' dir='ltr'>esre</span> <span class='ocrx_word' id='word_1_116' title='bbox 714 2055 816 2110; x_wconf 80' lang='lat' dir='ltr'>intanto</span> <span class='ocrx_word' id='word_1_117' title='bbox 828 2059 877 2106; x_wconf 72' lang='grc' dir='ltr'>ιω</span> 
     </span>
     <span class='ocr_line' id='line_1_22' title="bbox 181 2156 306 2214; baseline -0.008 -10"><span class='ocrx_word' id='word_1_118' title='bbox 181 2193 186 2196; x_wconf 81' lang='grc'><strong>-</strong></span> <span class='ocrx_word' id='word_1_119' title='bbox 198 2156 306 2214; x_wconf 83' lang='lat' dir='ltr'>honore,</span> 
     </span>
    </p>

    <p class='ocr_par' dir='ltr' id='par_1_12' title="bbox 132 2233 817 2387">
     <span class='ocr_line' id='line_1_23' title="bbox 132 2233 817 2304; baseline -0.007 -16"><span class='ocrx_word' id='word_1_120' title='bbox 132 2241 160 2288; x_wconf 79' lang='lat' dir='ltr'>Er</span> <span class='ocrx_word' id='word_1_121' title='bbox 174 2237 308 2292; x_wconf 62' lang='lat' dir='ltr'>rainiarile</span> <span class='ocrx_word' id='word_1_122' title='bbox 322 2237 412 2289; x_wconf 74' lang='lat' dir='ltr'>viuum</span> <span class='ocrx_word' id='word_1_123' title='bbox 426 2251 544 2304; x_wconf 79' lang='lat' dir='ltr'>quaerere,</span> <span class='ocrx_word' id='word_1_124' title='bbox 556 2234 679 2286; x_wconf 79' lang='lat' dir='ltr'>ibihomo</span> <span class='ocrx_word' id='word_1_125' title='bbox 692 2233 764 2301; x_wconf 75' lang='lat' dir='ltr'>respit</span> <span class='ocrx_word' id='word_1_126' title='bbox 777 2248 817 2284; x_wconf 87' lang='lat' dir='ltr'>me</span> 
     </span>
     <span class='ocr_line' id='line_1_24' title="bbox 198 2327 331 2387; baseline -0.008 -10"><span class='ocrx_word' id='word_1_127' title='bbox 198 2327 331 2387; x_wconf 81' lang='lat' dir='ltr'>obsecrare,</span> 
     </span>
    </p>

    <p class='ocr_par' dir='ltr' id='par_1_13' title="bbox 132 2410 704 2476">
     <span class='ocr_line' id='line_1_25' title="bbox 132 2410 704 2476; baseline -0.01 -10"><span class='ocrx_word' id='word_1_128' title='bbox 132 2420 167 2466; x_wconf 83' lang='lat' dir='ltr'>Ut</span> <span class='ocrx_word' id='word_1_129' title='bbox 176 2415 221 2465; x_wconf 83' lang='lat' dir='ltr'>sibi</span> <span class='ocrx_word' id='word_1_130' title='bbox 230 2415 310 2466; x_wconf 86' lang='lat' dir='ltr'>liceret</span> <span class='ocrx_word' id='word_1_131' title='bbox 316 2415 404 2468; x_wconf 84' lang='lat' dir='ltr'>discere</span> <span class='ocrx_word' id='word_1_132' title='bbox 409 2413 435 2465; x_wconf 84' lang='lat' dir='ltr'>id</span> <span class='ocrx_word' id='word_1_133' title='bbox 445 2413 475 2463; x_wconf 91' lang='lat' dir='ltr'>de</span> <span class='ocrx_word' id='word_1_134' title='bbox 481 2427 520 2463; x_wconf 85' lang='lat' dir='ltr'>me</span> <span class='ocrx_word' id='word_1_135' title='bbox 528 2430 534 2461; x_wconf 86' lang='lat' dir='ltr'>r</span> <span class='ocrx_word' id='word_1_136' title='bbox 542 2411 622 2464; x_wconf 75' lang='lat' dir='ltr'>seueri</span> <span class='ocrx_word' id='word_1_137' title='bbox 632 2410 704 2476; x_wconf 78' lang='lat' dir='ltr'>iussi,</span> 
     </span>
    </p>

    <p class='ocr_par' dir='ltr' id='par_1_14' title="bbox 133 2497 820 2652">
     <span class='ocr_line' id='line_1_26' title="bbox 133 2497 820 2574; baseline -0.009 -18"><span class='ocrx_word' id='word_1_138' title='bbox 133 2506 227 2574; x_wconf 75' lang='lat' dir='ltr'>Siparis</span> <span class='ocrx_word' id='word_1_139' title='bbox 243 2519 291 2565; x_wconf 83' lang='lat' dir='ltr'>est,</span> <span class='ocrx_word' id='word_1_140' title='bbox 306 2519 420 2571; x_wconf 85' lang='lat' dir='ltr'>tanquam</span> <span class='ocrx_word' id='word_1_141' title='bbox 433 2499 632 2566; x_wconf 83' lang='lat' dir='ltr'>Philosophorum</span> <span class='ocrx_word' id='word_1_142' title='bbox 645 2498 735 2549; x_wconf 88' lang='lat' dir='ltr'>habent</span> <span class='ocrx_word' id='word_1_143' title='bbox 749 2497 820 2551; x_wconf 79' lang='lat' dir='ltr'>dhri-</span> 
     </span>
     <span class='ocr_line' id='line_1_27' title="bbox 199 2584 379 2652; baseline 0 -19"><span class='ocrx_word' id='word_1_144' title='bbox 199 2584 270 2652; x_wconf 81' lang='lat' dir='ltr'>plinae</span> <span class='ocrx_word' id='word_1_145' title='bbox 282 2601 310 2637; x_wconf 82' lang='lat' dir='ltr'>ex</span> <span class='ocrx_word' id='word_1_146' title='bbox 323 2585 379 2651; x_wconf 85' lang='lat' dir='ltr'>ipsis</span> 
     </span>
    </p>

    <p class='ocr_par' dir='ltr' id='par_1_15' title="bbox 133 2667 786 2744">
     <span class='ocr_line' id='line_1_28' title="bbox 133 2667 786 2744; baseline -0.017 -14"><span class='ocrx_word' id='word_1_147' title='bbox 133 2673 257 2730; x_wconf 83' lang='lat' dir='ltr'>vocabula</span> <span class='ocrx_word' id='word_1_148' title='bbox 264 2707 273 2736; x_wconf 93' lang='lat'>‚</span> <span class='ocrx_word' id='word_1_149' title='bbox 285 2675 382 2744; x_wconf 85' lang='lat' dir='ltr'>parasiti</span> <span class='ocrx_word' id='word_1_150' title='bbox 395 2673 453 2726; x_wconf 82' lang='lat' dir='ltr'>irem</span> <span class='ocrx_word' id='word_1_151' title='bbox 466 2685 493 2723; x_wconf 89' lang='lat' dir='ltr'>ut</span> <span class='ocrx_word' id='word_1_152' title='bbox 504 2667 650 2722; x_wconf 79' lang='lat' dir='ltr'>Gnathonici</span> <span class='ocrx_word' id='word_1_153' title='bbox 662 2678 786 2722; x_wconf 75' lang='lat' dir='ltr'>vocentur.</span> 
     </span>
    </p>
   </div>
   <div class='ocr_carea' id='block_1_10' title="bbox 0 0 1079 3678">
    <p class='ocr_par' dir='ltr' id='par_1_16' title="bbox 0 0 1079 3678">
     <span class='ocr_line' id='line_1_29' title="bbox 0 0 1079 3678; baseline 0 0"><span class='ocrx_word' id='word_1_154' title='bbox 0 0 1079 3678; x_wconf 95' lang='lat' dir='ltr'> </span> 
     </span>
    </p>
   </div>
  </div>
 </body>
</html>
