2092 3688
200 229 223 290 6
344 223 740 312 Aneunuunuu

199 371 301 418 securo
325 351 386 432 jam
411 350 444 414 dc
465 351 534 412 nihil
554 351 612 414 tale
638 355 779 416 metuenti
801 345 891 435 lilio,

198 452 371 536 Pamphile,
392 452 502 533 inquit,
518 452 565 514 abi
585 451 727 528 domum,
745 474 778 514 ac
801 453 891 515 Deos

200 573 405 640 comprecare:
427 573 501 614 uxor
514 553 565 614 tibi
578 552 710 617 ducenda
726 553 815 616 hodie
834 548 895 617 'est-

202 654 272 716 Hoc
294 651 395 727 dcto,
416 652 498 714 velut
515 653 676 732 improviso
696 649 827 732 quodam
847 651 896 731 ja·

188 755 290 830 culo,
309 755 452 815 sauciatus
471 752 661 828 adolescens,
678 753 749 836 quid
769 767 896 838 ageret,

204 877 256 922 aut
274 857 344 942 quid
363 859 474 920 consilii
488 875 623 940 caperet,
642 859 811 935 nesciebat,
825 858 898 922 cium

206 959 321 1022 adeum
332 957 437 1022 Davus
447 1004 456 1035 ‚
468 959 552 1021 vafro
562 959 722 1022 admodum
733 982 767 1024 ac
778 977 900 1025 versuto

207 1065 326 1146 ingenio
339 1085 456 1141 servus,
471 1064 672 1129 animadversd
684 1066 760 1128 senis
775 1064 900 1142 astutid,

210 1169 340 1231 accurrit.
354 1171 419 1229 Erat
429 1183 492 1228 tum
503 1187 561 1228 una
573 1188 641 1229 cum
653 1165 806 1248 Pamphilo
816 1163 900 1228 Cha·

210 1275 311 1348 rinus,
329 1273 377 1353 qui
389 1269 557 1332 adolescens
570 1271 645 1330 miro
658 1268 788 1360 quopiam
801 1287 903 1330 amore

209 1367 387 1432 Philumenae
400 1371 554 1445 incensus,
573 1367 677 1430 frustra
690 1389 769 1451 saepe
784 1369 904 1430 tentatis

211 1472 287 1534 illius
308 1474 435 1553 nuptiis,
456 1471 494 1532 ad
515 1471 694 1553 postremum
714 1473 814 1536 audito
835 1495 905 1537 eam

213 1595 252 1640 eo
272 1574 319 1637 die
338 1593 494 1656 nupturam
511 1575 683 1658 Pamphilo,
706 1577 736 1637 in
758 1599 906 1640 summam

214 1681 450 1760 desperationem
469 1679 626 1750 adductus,
648 1700 716 1742 eum
737 1682 859 1758 orabat,
881 1683 907 1743 si

215 1804 247 1847 se
260 1783 374 1845 salvum
390 1784 497 1861 vellet,
517 1801 550 1845 ut
564 1783 613 1847 vel
629 1805 694 1844 cam
710 1805 747 1846 ne
766 1783 907 1861 duceret,

218 1879 267 1939 vel
281 1880 385 1942 saltem
401 1881 506 1962 nuptiis
523 1879 586 1941 dies
603 1879 712 1961 aliquot
725 1881 907 1962 produceret.

218 1981 386 2065 Pamphilus
396 2005 463 2045 eum
472 1984 524 2043 sual
532 1983 650 2065 quidem
658 1985 746 2047 caush
754 1987 833 2048 bono
843 2009 908 2051 esse

220 2087 339 2158 animo,
358 2101 445 2167 arque
458 2088 557 2147 omnia
570 2085 607 2146 ad
620 2087 819 2168 impediendas
833 2109 911 2170 nup.

221 2191 276 2250 tias
298 2189 392 2250 moliri
414 2187 556 2268 jubebat:
581 2211 638 2265 se,
663 2196 854 2272 quantumin
877 2213 911 2254 se

223 2304 322 2364 esset,
337 2288 527 2365 effeuumm,
549 2311 584 2352 ea
602 2306 634 2350 ut
653 2311 690 2352 ne
712 2291 827 2353 daretur
846 2293 911 2357 sihi.

226 2391 416 2467 Adveniens,
435 2409 468 2453 ut
481 2392 557 2469 dixi,
579 2391 704 2467 Davus,
729 2389 914 2468 Charinum,

224 2492 285 2575 jam
298 2498 359 2578 spei
372 2497 511 2578 plenum,
525 2497 601 2560 abire
611 2498 648 2560 ad
657 2497 826 2560 ambiendos
836 2502 913 2562 senis

226 2596 336 2655 amicos
356 2593 460 2676 jubet:
484 2595 589 2658 deinde
609 2618 739 2658 seorsum
761 2597 914 2680 Pamphilo

227 2696 403 2782 conjedluras
428 2721 494 2764 suas
513 2703 625 2784 aperit,
649 2701 861 2786 persuadetque
882 2718 916 2768 ut
