<?xml version="1.0" encoding="UTF-8"?>
<!DOCTYPE html PUBLIC "-//W3C//DTD XHTML 1.0 Transitional//EN"
    "http://www.w3.org/TR/xhtml1/DTD/xhtml1-transitional.dtd">
<html xmlns="http://www.w3.org/1999/xhtml" xml:lang="en" lang="en">
 <head>
  <title>
</title>
<meta http-equiv="Content-Type" content="text/html;charset=utf-8" />
  <meta name='ocr-system' content='tesseract 3.04.00' />
  <meta name='ocr-capabilities' content='ocr_page ocr_carea ocr_par ocr_line ocrx_word'/>
</head>
<body>
  <div class='ocr_page' id='page_1' title='image "./publiiterentiia04teregoog/publiiterentiia04teregoog_0282.png"; bbox 0 0 2098 3678; ppageno 0'>
   <div class='ocr_carea' id='block_1_1' title="bbox 230 291 841 383">
    <p class='ocr_par' dir='ltr' id='par_1_1' title="bbox 230 291 841 383">
     <span class='ocr_line' id='line_1_1' title="bbox 230 291 841 383; baseline -0.015 -18"><span class='ocrx_word' id='word_1_1' title='bbox 230 303 297 383; x_wconf 61' lang='lat' dir='ltr'>m6</span> <span class='ocrx_word' id='word_1_2' title='bbox 364 299 777 361; x_wconf 72' lang='lat' dir='ltr'>Aacuururuu</span> <span class='ocrx_word' id='word_1_3' title='bbox 838 291 841 299; x_wconf 91' lang='lat'>&#39;</span> 
     </span>
    </p>
   </div>
   <div class='ocr_carea' id='block_1_2' title="bbox 197 443 1007 2729">
    <p class='ocr_par' dir='ltr' id='par_1_2' title="bbox 197 443 1007 2729">
     <span class='ocr_line' id='line_1_2' title="bbox 223 443 921 526; baseline 0.014 -28"><span class='ocrx_word' id='word_1_4' title='bbox 223 451 365 514; x_wconf 55' lang='lat' dir='ltr'>feliciam.</span> <span class='ocrx_word' id='word_1_5' title='bbox 397 445 482 508; x_wconf 86' lang='lat' dir='ltr'>Dum</span> <span class='ocrx_word' id='word_1_6' title='bbox 509 445 570 504; x_wconf 82' lang='lat' dir='ltr'>haec</span> <span class='ocrx_word' id='word_1_7' title='bbox 594 461 746 526; x_wconf 84' lang='lat' dir='ltr'>aguntur,</span> <span class='ocrx_word' id='word_1_8' title='bbox 779 443 921 508; x_wconf 88' lang='lat' dir='ltr'>annulum</span> 
     </span>
     <span class='ocr_line' id='line_1_3' title="bbox 230 537 921 634; baseline -0.009 -18"><span class='ocrx_word' id='word_1_9' title='bbox 230 575 315 616; x_wconf 78' lang='lat' dir='ltr'>tuum</span> <span class='ocrx_word' id='word_1_10' title='bbox 336 551 457 634; x_wconf 83' lang='lat' dir='ltr'>agnovit</span> <span class='ocrx_word' id='word_1_11' title='bbox 478 537 627 623; x_wconf 77' lang='lat' dir='ltr'>Sostrata,</span> <span class='ocrx_word' id='word_1_12' title='bbox 653 548 774 630; x_wconf 81' lang='lat' dir='ltr'>ejusque</span> <span class='ocrx_word' id='word_1_13' title='bbox 791 547 921 632; x_wconf 87' lang='lat' dir='ltr'>indicio,</span> 
     </span>
     <span class='ocr_line' id='line_1_4' title="bbox 231 656 920 742; baseline -0.01 -17"><span class='ocrx_word' id='word_1_14' title='bbox 231 661 413 742; x_wconf 83' lang='lat' dir='ltr'>Antiphilam</span> <span class='ocrx_word' id='word_1_15' title='bbox 447 656 535 717; x_wconf 85' lang='lat' dir='ltr'>filiam</span> <span class='ocrx_word' id='word_1_16' title='bbox 563 677 646 718; x_wconf 87' lang='lat' dir='ltr'>suam</span> <span class='ocrx_word' id='word_1_17' title='bbox 678 679 742 719; x_wconf 82' lang='lat' dir='ltr'>etse</span> <span class='ocrx_word' id='word_1_18' title='bbox 767 660 920 738; x_wconf 79' lang='lat' dir='ltr'>cognovit.</span> 
     </span>
     <span class='ocr_line' id='line_1_5' title="bbox 232 769 922 846; baseline -0.016 -5"><span class='ocrx_word' id='word_1_19' title='bbox 232 779 352 842; x_wconf 90' lang='lat' dir='ltr'>Gaudio</span> <span class='ocrx_word' id='word_1_20' title='bbox 374 773 528 846; x_wconf 81' lang='lat' dir='ltr'>exsiliens,</span> <span class='ocrx_word' id='word_1_21' title='bbox 549 792 669 832; x_wconf 87' lang='lat' dir='ltr'>omnem</span> <span class='ocrx_word' id='word_1_22' title='bbox 687 791 750 832; x_wconf 86' lang='lat' dir='ltr'>rem</span> <span class='ocrx_word' id='word_1_23' title='bbox 767 769 861 831; x_wconf 86' lang='lat' dir='ltr'>defert</span> <span class='ocrx_word' id='word_1_24' title='bbox 882 769 922 830; x_wconf 89' lang='lat' dir='ltr'>ad</span> 
     </span>
     <span class='ocr_line' id='line_1_6' title="bbox 229 879 922 964; baseline -0.01 -17"><span class='ocrx_word' id='word_1_25' title='bbox 229 886 347 958; x_wconf 75' lang='lat' dir='ltr'>virum3</span> <span class='ocrx_word' id='word_1_26' title='bbox 367 883 434 964; x_wconf 89' lang='lat' dir='ltr'>qui,</span> <span class='ocrx_word' id='word_1_27' title='bbox 457 880 492 942; x_wconf 67' lang='lat' dir='ltr'>eh</span> <span class='ocrx_word' id='word_1_28' title='bbox 513 881 615 942; x_wconf 89' lang='lat' dir='ltr'>leniter</span> <span class='ocrx_word' id='word_1_29' title='bbox 635 879 807 962; x_wconf 67' lang='lat' dir='ltr'>objurgata,</span> <span class='ocrx_word' id='word_1_30' title='bbox 823 902 922 962; x_wconf 88' lang='lat' dir='ltr'>reper-</span> 
     </span>
     <span class='ocr_line' id='line_1_7' title="bbox 231 984 922 1069; baseline -0.006 -17"><span class='ocrx_word' id='word_1_31' title='bbox 231 1007 293 1053; x_wconf 88' lang='lat' dir='ltr'>tam</span> <span class='ocrx_word' id='word_1_32' title='bbox 320 1006 419 1050; x_wconf 86' lang='lat' dir='ltr'>tamen</span> <span class='ocrx_word' id='word_1_33' title='bbox 446 984 556 1060; x_wconf 88' lang='lat' dir='ltr'>filiam,</span> <span class='ocrx_word' id='word_1_34' title='bbox 580 987 641 1066; x_wconf 90' lang='lat' dir='ltr'>ipse</span> <span class='ocrx_word' id='word_1_35' title='bbox 663 1007 780 1068; x_wconf 89' lang='lat' dir='ltr'>quoque</span> <span class='ocrx_word' id='word_1_36' title='bbox 802 991 922 1069; x_wconf 78' lang='lat' dir='ltr'>gavisus</span> 
     </span>
     <span class='ocr_line' id='line_1_8' title="bbox 232 1092 923 1176; baseline -0.003 -17"><span class='ocrx_word' id='word_1_37' title='bbox 232 1113 286 1159; x_wconf 89' lang='lat' dir='ltr'>est.</span> <span class='ocrx_word' id='word_1_38' title='bbox 307 1095 371 1156; x_wconf 87' lang='lat' dir='ltr'>Jam</span> <span class='ocrx_word' id='word_1_39' title='bbox 382 1097 481 1156; x_wconf 86' lang='lat' dir='ltr'>omnia</span> <span class='ocrx_word' id='word_1_40' title='bbox 494 1097 522 1154; x_wconf 88' lang='lat' dir='ltr'>in</span> <span class='ocrx_word' id='word_1_41' title='bbox 533 1092 686 1176; x_wconf 85' lang='lat' dir='ltr'>tranquillo</span> <span class='ocrx_word' id='word_1_42' title='bbox 700 1113 779 1156; x_wconf 88' lang='lat' dir='ltr'>erant</span> <span class='ocrx_word' id='word_1_43' title='bbox 790 1119 800 1172; x_wconf 83' lang='lat'>3</span> <span class='ocrx_word' id='word_1_44' title='bbox 812 1097 923 1176; x_wconf 83' lang='lat' dir='ltr'>absque</span> 
     </span>
     <span class='ocr_line' id='line_1_9' title="bbox 197 1180 925 1282; baseline 0 -20"><span class='ocrx_word' id='word_1_45' title='bbox 197 1235 200 1244; x_wconf 56' lang='lat'><em>2</em></span> <span class='ocrx_word' id='word_1_46' title='bbox 232 1180 377 1262; x_wconf 84' lang='lat' dir='ltr'>Bacchide</span> <span class='ocrx_word' id='word_1_47' title='bbox 391 1201 510 1262; x_wconf 87' lang='lat' dir='ltr'>fuisset:</span> <span class='ocrx_word' id='word_1_48' title='bbox 531 1200 582 1261; x_wconf 89' lang='lat' dir='ltr'>sed</span> <span class='ocrx_word' id='word_1_49' title='bbox 595 1198 627 1260; x_wconf 78' lang='grc' dir='ltr'>δι</span> <span class='ocrx_word' id='word_1_50' title='bbox 642 1199 680 1259; x_wconf 91' lang='lat' dir='ltr'>illi</span> <span class='ocrx_word' id='word_1_51' title='bbox 694 1222 813 1282; x_wconf 85' lang='lat' dir='ltr'>quoquo</span> <span class='ocrx_word' id='word_1_52' title='bbox 829 1200 925 1262; x_wconf 88' lang='lat' dir='ltr'>modo</span> 
     </span>
     <span class='ocr_line' id='line_1_10' title="bbox 233 1299 924 1380; baseline -0.001 -17"><span class='ocrx_word' id='word_1_53' title='bbox 233 1302 335 1364; x_wconf 89' lang='lat' dir='ltr'>decem</span> <span class='ocrx_word' id='word_1_54' title='bbox 349 1299 524 1361; x_wconf 73' lang='lat' dir='ltr'>excudenda</span> <span class='ocrx_word' id='word_1_55' title='bbox 538 1315 618 1360; x_wconf 90' lang='lat' dir='ltr'>erant</span> <span class='ocrx_word' id='word_1_56' title='bbox 634 1303 865 1380; x_wconf 79' lang='lat' dir='ltr'>argentiminae,</span> <span class='ocrx_word' id='word_1_57' title='bbox 888 1299 924 1362; x_wconf 87' lang='lat'>&amp;</span> 
     </span>
     <span class='ocr_line' id='line_1_11' title="bbox 232 1401 1007 1488; baseline 0.004 -23"><span class='ocrx_word' id='word_1_58' title='bbox 232 1404 391 1488; x_wconf 87' lang='lat' dir='ltr'>periculum</span> <span class='ocrx_word' id='word_1_59' title='bbox 414 1419 495 1476; x_wconf 89' lang='lat' dir='ltr'>erat,</span> <span class='ocrx_word' id='word_1_60' title='bbox 517 1421 554 1462; x_wconf 85' lang='lat' dir='ltr'>ne</span> <span class='ocrx_word' id='word_1_61' title='bbox 576 1401 672 1484; x_wconf 72' lang='lat' dir='ltr'>aliqua</span> <span class='ocrx_word' id='word_1_62' title='bbox 692 1425 759 1465; x_wconf 84' lang='lat' dir='ltr'>eam</span> <span class='ocrx_word' id='word_1_63' title='bbox 778 1403 924 1468; x_wconf 76' lang='lat' dir='ltr'>Chremes</span> <span class='ocrx_word' id='word_1_64' title='bbox 1004 1405 1007 1414; x_wconf 78' lang='lat'>&#39;</span> 
     </span>
     <span class='ocr_line' id='line_1_12' title="bbox 232 1499 926 1583; baseline -0.006 -15"><span class='ocrx_word' id='word_1_65' title='bbox 232 1504 284 1568; x_wconf 88' lang='lat' dir='ltr'>filii</span> <span class='ocrx_word' id='word_1_66' title='bbox 297 1507 419 1565; x_wconf 83' lang='lat' dir='ltr'>amicam</span> <span class='ocrx_word' id='word_1_67' title='bbox 432 1523 495 1564; x_wconf 81' lang='lat' dir='ltr'>esse</span> <span class='ocrx_word' id='word_1_68' title='bbox 507 1504 681 1564; x_wconf 84' lang='lat' dir='ltr'>rescisceret.</span> <span class='ocrx_word' id='word_1_69' title='bbox 704 1499 746 1560; x_wconf 89' lang='lat' dir='ltr'>lbi</span> <span class='ocrx_word' id='word_1_70' title='bbox 761 1499 853 1583; x_wconf 82' lang='lat' dir='ltr'>Syius</span> <span class='ocrx_word' id='word_1_71' title='bbox 872 1524 926 1564; x_wconf 87' lang='lat' dir='ltr'>att·</span> 
     </span>
     <span class='ocr_line' id='line_1_13' title="bbox 233 1607 925 1692; baseline -0.004 -18"><span class='ocrx_word' id='word_1_72' title='bbox 233 1611 292 1674; x_wconf 81' lang='lat' dir='ltr'>dax</span> <span class='ocrx_word' id='word_1_73' title='bbox 305 1610 462 1672; x_wconf 82' lang='lat' dir='ltr'>consilium</span> <span class='ocrx_word' id='word_1_74' title='bbox 477 1611 548 1685; x_wconf 85' lang='lat' dir='ltr'>init,</span> <span class='ocrx_word' id='word_1_75' title='bbox 567 1608 739 1692; x_wconf 89' lang='lat' dir='ltr'>quomodo,</span> <span class='ocrx_word' id='word_1_76' title='bbox 759 1607 792 1670; x_wconf 74' lang='lat' dir='ltr'>dc</span> <span class='ocrx_word' id='word_1_77' title='bbox 809 1611 925 1691; x_wconf 88' lang='lat' dir='ltr'>utrique</span> 
     </span>
     <span class='ocr_line' id='line_1_14' title="bbox 236 1707 925 1795; baseline -0.01 -15"><span class='ocrx_word' id='word_1_78' title='bbox 236 1722 297 1780; x_wconf 80' lang='lat' dir='ltr'>teni</span> <span class='ocrx_word' id='word_1_79' title='bbox 317 1739 397 1791; x_wconf 89' lang='lat' dir='ltr'>rem,</span> <span class='ocrx_word' id='word_1_80' title='bbox 415 1731 447 1776; x_wconf 92' lang='lat' dir='ltr'>ut</span> <span class='ocrx_word' id='word_1_81' title='bbox 468 1730 546 1784; x_wconf 91' lang='lat' dir='ltr'>erat,</span> <span class='ocrx_word' id='word_1_82' title='bbox 565 1707 762 1795; x_wconf 78' lang='lat' dir='ltr'>patefaceret,</span> <span class='ocrx_word' id='word_1_83' title='bbox 784 1712 818 1774; x_wconf 77' lang='grc' dir='ltr'>δι</span> <span class='ocrx_word' id='word_1_84' title='bbox 836 1733 925 1773; x_wconf 89' lang='lat' dir='ltr'>com·</span> 
     </span>
     <span class='ocr_line' id='line_1_15' title="bbox 236 1813 926 1899; baseline -0.01 -19"><span class='ocrx_word' id='word_1_85' title='bbox 236 1819 325 1880; x_wconf 89' lang='lat' dir='ltr'>mode</span> <span class='ocrx_word' id='word_1_86' title='bbox 336 1841 367 1880; x_wconf 84' lang='lat' dir='ltr'>se</span> <span class='ocrx_word' id='word_1_87' title='bbox 381 1839 397 1880; x_wconf 90' lang='lat' dir='ltr'>e</span> <span class='ocrx_word' id='word_1_88' title='bbox 411 1834 471 1877; x_wconf 90' lang='lat' dir='ltr'>tam</span> <span class='ocrx_word' id='word_1_89' title='bbox 484 1813 623 1897; x_wconf 88' lang='lat' dir='ltr'>impedito</span> <span class='ocrx_word' id='word_1_90' title='bbox 634 1817 752 1896; x_wconf 84' lang='lat' dir='ltr'>negotio</span> <span class='ocrx_word' id='word_1_91' title='bbox 766 1815 926 1899; x_wconf 88' lang='lat' dir='ltr'>expediret.</span> 
     </span>
     <span class='ocr_line' id='line_1_16' title="bbox 237 1917 929 2002; baseline -0.009 -17"><span class='ocrx_word' id='word_1_92' title='bbox 237 1923 364 1985; x_wconf 88' lang='lat' dir='ltr'>Primum</span> <span class='ocrx_word' id='word_1_93' title='bbox 376 1924 460 2002; x_wconf 85' lang='lat' dir='ltr'>igitur</span> <span class='ocrx_word' id='word_1_94' title='bbox 472 1917 621 1980; x_wconf 88' lang='lat' dir='ltr'>Chremeti</span> <span class='ocrx_word' id='word_1_95' title='bbox 634 1964 643 1993; x_wconf 93' lang='lat'>,</span> <span class='ocrx_word' id='word_1_96' title='bbox 662 1919 793 2000; x_wconf 82' lang='lat' dir='ltr'>Repeti,</span> <span class='ocrx_word' id='word_1_97' title='bbox 814 1921 929 2002; x_wconf 80' lang='lat' dir='ltr'>inquit,</span> 
     </span>
     <span class='ocr_line' id='line_1_17' title="bbox 235 2017 926 2110; baseline -0.01 -25"><span class='ocrx_word' id='word_1_98' title='bbox 235 2023 387 2107; x_wconf 90' lang='lat' dir='ltr'>quomodo</span> <span class='ocrx_word' id='word_1_99' title='bbox 402 2037 552 2102; x_wconf 83' lang='lat' dir='ltr'>argentum</span> <span class='ocrx_word' id='word_1_100' title='bbox 569 2040 587 2078; x_wconf 87' lang='lat' dir='ltr'>a</span> <span class='ocrx_word' id='word_1_101' title='bbox 601 2017 780 2079; x_wconf 78' lang='lat' dir='ltr'>Menedemo</span> <span class='ocrx_word' id='word_1_102' title='bbox 794 2020 926 2110; x_wconf 82' lang='lat' dir='ltr'>eripiam.</span> 
     </span>
     <span class='ocr_line' id='line_1_18' title="bbox 238 2125 929 2210; baseline -0.004 -19"><span class='ocrx_word' id='word_1_103' title='bbox 238 2131 379 2191; x_wconf 85' lang='lat' dir='ltr'>Dicemus</span> <span class='ocrx_word' id='word_1_104' title='bbox 394 2131 440 2202; x_wconf 87' lang='lat' dir='ltr'>ei,</span> <span class='ocrx_word' id='word_1_105' title='bbox 456 2126 632 2187; x_wconf 86' lang='lat' dir='ltr'>Bacchidem</span> <span class='ocrx_word' id='word_1_106' title='bbox 642 2127 715 2187; x_wconf 88' lang='lat' dir='ltr'>hanc</span> <span class='ocrx_word' id='word_1_107' title='bbox 728 2129 770 2187; x_wconf 88' lang='lat' dir='ltr'>tui</span> <span class='ocrx_word' id='word_1_108' title='bbox 782 2125 929 2210; x_wconf 88' lang='lat' dir='ltr'>Clitipho·</span> 
     </span>
     <span class='ocr_line' id='line_1_19' title="bbox 237 2231 928 2311; baseline 0.003 -21"><span class='ocrx_word' id='word_1_109' title='bbox 237 2233 281 2291; x_wconf 84' lang='lat' dir='ltr'>uis</span> <span class='ocrx_word' id='word_1_110' title='bbox 306 2231 429 2290; x_wconf 83' lang='lat' dir='ltr'>amicam</span> <span class='ocrx_word' id='word_1_111' title='bbox 462 2249 554 2303; x_wconf 91' lang='lat' dir='ltr'>esse,</span> <span class='ocrx_word' id='word_1_112' title='bbox 578 2231 781 2311; x_wconf 87' lang='lat' dir='ltr'>orabimusque</span> <span class='ocrx_word' id='word_1_113' title='bbox 802 2249 834 2291; x_wconf 92' lang='lat' dir='ltr'>ut</span> <span class='ocrx_word' id='word_1_114' title='bbox 859 2252 928 2292; x_wconf 87' lang='lat' dir='ltr'>eam</span> 
     </span>
     <span class='ocr_line' id='line_1_20' title="bbox 238 2333 928 2416; baseline 0.004 -22"><span class='ocrx_word' id='word_1_115' title='bbox 238 2333 318 2394; x_wconf 90' lang='lat' dir='ltr'>domi</span> <span class='ocrx_word' id='word_1_116' title='bbox 333 2355 390 2394; x_wconf 86' lang='lat' dir='ltr'>suae</span> <span class='ocrx_word' id='word_1_117' title='bbox 405 2334 465 2396; x_wconf 82' lang='lat' dir='ltr'>dies</span> <span class='ocrx_word' id='word_1_118' title='bbox 479 2333 588 2416; x_wconf 88' lang='lat' dir='ltr'>aliquot</span> <span class='ocrx_word' id='word_1_119' title='bbox 602 2352 665 2393; x_wconf 89' lang='lat' dir='ltr'>esse</span> <span class='ocrx_word' id='word_1_120' title='bbox 678 2336 821 2415; x_wconf 85' lang='lat' dir='ltr'>patiatur,</span> <span class='ocrx_word' id='word_1_121' title='bbox 838 2351 928 2416; x_wconf 89' lang='lat' dir='ltr'>teque</span> 
     </span>
     <span class='ocr_line' id='line_1_21' title="bbox 223 2427 929 2514; baseline 0.003 -16"><span class='ocrx_word' id='word_1_122' title='bbox 223 2427 268 2498; x_wconf 85' lang='lat' dir='ltr'>&#39;id</span> <span class='ocrx_word' id='word_1_123' title='bbox 280 2439 404 2499; x_wconf 88' lang='lat' dir='ltr'>celatum</span> <span class='ocrx_word' id='word_1_124' title='bbox 419 2439 496 2500; x_wconf 87' lang='lat' dir='ltr'>velit.</span> <span class='ocrx_word' id='word_1_125' title='bbox 524 2438 613 2498; x_wconf 92' lang='lat' dir='ltr'>Porro</span> <span class='ocrx_word' id='word_1_126' title='bbox 631 2437 747 2512; x_wconf 90' lang='lat' dir='ltr'>Clinia,</span> <span class='ocrx_word' id='word_1_127' title='bbox 767 2439 832 2500; x_wconf 87' lang='lat' dir='ltr'>filiae</span> <span class='ocrx_word' id='word_1_128' title='bbox 851 2459 908 2500; x_wconf 86' lang='lat' dir='ltr'>tuae</span> <span class='ocrx_word' id='word_1_129' title='bbox 916 2486 929 2514; x_wconf 88' lang='lat'>,</span> 
     </span>
     <span class='ocr_line' id='line_1_22' title="bbox 237 2540 929 2622; baseline 0.007 -22"><span class='ocrx_word' id='word_1_130' title='bbox 237 2561 304 2622; x_wconf 74' lang='lat' dir='ltr'>quae</span> <span class='ocrx_word' id='word_1_131' title='bbox 320 2542 409 2603; x_wconf 90' lang='lat' dir='ltr'>modo</span> <span class='ocrx_word' id='word_1_132' title='bbox 422 2558 536 2622; x_wconf 85' lang='lat' dir='ltr'>reperta</span> <span class='ocrx_word' id='word_1_133' title='bbox 549 2558 613 2614; x_wconf 85' lang='lat' dir='ltr'>est,</span> <span class='ocrx_word' id='word_1_134' title='bbox 633 2540 758 2604; x_wconf 86' lang='lat' dir='ltr'>formam</span> <span class='ocrx_word' id='word_1_135' title='bbox 771 2545 824 2604; x_wconf 89' lang='lat' dir='ltr'>sibi</span> <span class='ocrx_word' id='word_1_136' title='bbox 843 2565 929 2605; x_wconf 89' lang='lat' dir='ltr'>com-</span> 
     </span>
     <span class='ocr_line' id='line_1_23' title="bbox 239 2646 930 2729; baseline 0.012 -25"><span class='ocrx_word' id='word_1_137' title='bbox 239 2646 375 2726; x_wconf 86' lang='lat' dir='ltr'>placitam</span> <span class='ocrx_word' id='word_1_138' title='bbox 387 2669 450 2708; x_wconf 86' lang='lat' dir='ltr'>esse</span> <span class='ocrx_word' id='word_1_139' title='bbox 462 2647 555 2720; x_wconf 89' lang='lat' dir='ltr'>dicet,</span> <span class='ocrx_word' id='word_1_140' title='bbox 570 2667 692 2728; x_wconf 88' lang='lat' dir='ltr'>eamque</span> <span class='ocrx_word' id='word_1_141' title='bbox 705 2667 784 2729; x_wconf 84' lang='lat' dir='ltr'>peret</span> <span class='ocrx_word' id='word_1_142' title='bbox 795 2669 930 2712; x_wconf 77' lang='lat' dir='ltr'>uxorem.</span> 
     </span>
    </p>
   </div>
   <div class='ocr_carea' id='block_1_3' title="bbox 221 2754 931 2838">
    <p class='ocr_par' dir='ltr' id='par_1_3' title="bbox 221 2754 931 2838">
     <span class='ocr_line' id='line_1_24' title="bbox 221 2754 931 2838; baseline 0.001 -24"><span class='ocrx_word' id='word_1_143' title='bbox 221 2795 224 2802; x_wconf 67' lang='grc'><strong><em>«</em></strong></span> <span class='ocrx_word' id='word_1_144' title='bbox 244 2755 329 2835; x_wconf 84' lang='lat' dir='ltr'>Quid</span> <span class='ocrx_word' id='word_1_145' title='bbox 342 2754 425 2816; x_wconf 83' lang='lat' dir='ltr'>tum?</span> <span class='ocrx_word' id='word_1_146' title='bbox 444 2755 614 2837; x_wconf 86' lang='lat' dir='ltr'>pecuniam,</span> <span class='ocrx_word' id='word_1_147' title='bbox 626 2757 735 2838; x_wconf 83' lang='lat' dir='ltr'>inquit,</span> <span class='ocrx_word' id='word_1_148' title='bbox 750 2771 831 2838; x_wconf 80' lang='lat' dir='ltr'>petet</span> <span class='ocrx_word' id='word_1_149' title='bbox 844 2775 859 2815; x_wconf 85' lang='lat' dir='ltr'>a</span> <span class='ocrx_word' id='word_1_150' title='bbox 875 2775 931 2837; x_wconf 84' lang='lat' dir='ltr'>pa·</span> 
     </span>
    </p>
   </div>
   <div class='ocr_carea' id='block_1_4' title="bbox 0 0 1067 3678">
    <p class='ocr_par' dir='ltr' id='par_1_4' title="bbox 0 0 1067 3678">
     <span class='ocr_line' id='line_1_25' title="bbox 0 0 1067 3678; baseline 0 0"><span class='ocrx_word' id='word_1_151' title='bbox 0 0 1067 3678; x_wconf 95' lang='lat' dir='ltr'> </span> 
     </span>
    </p>
   </div>
  </div>
 </body>
</html>
