2144 3678
256 185 326 280 162¹
364 209 551 277 Pnnnne
591 202 834 272 Tene-mu

251 351 323 402 Scin'e
336 351 355 400 si
366 348 462 418 quando
474 349 517 398 ilie
528 349 674 396 mentionem
685 345 795 395 nhaedrie

252 439 327 496 Facit,
339 431 518 487 mediandae,
532 445 555 480 te
568 445 594 479 ut
607 430 671 478 male
683 443 736 478 uret
745 461 752 480 .
762 462 787 479 ..

486 517 704 564 THRASQ

776 605 865 656 Sentio.

480 697 501 740 G
517 695 541 741 N
560 694 581 740 A
599 693 620 738 T
638 695 660 738 H
678 695 710 742 Ο.

252 783 281 835 ld
292 797 318 834 ut
328 799 358 833 ne
368 781 425 841 fiat,
437 784 486 831 haec
495 799 530 832 ees
539 781 591 832 sola
601 797 635 834 est
645 782 761 834 remedio.

214 878 232 885 ‘
251 874 300 924 Ubi
311 873 445 924 nominabit
456 871 603 930 Phaedriam,
618 885 645 922 tu
660 871 808 938 Pamphilam

191 969 238 1018 44³
252 967 383 1014 Continuo.
402 965 424 1017 si
433 961 529 1029 quando
538 961 582 1010 illa
591 961 669 1020 dicet,
680 961 812 1013 Phedriam

251 1052 438 1100 intromittamus
447 1050 623 1097 commissatum
635 1069 641 1098 :
653 1063 679 1098 tu
689 1083 696 1106 ,
708 1048 856 1116 Pamphilam

252 1141 380 1186 cantatum
391 1148 553 1201 provocemus.
570 1133 593 1181 Si
603 1131 710 1182 laudabit
720 1134 770 1184 haec

251 1223 318 1273 Illius
330 1226 448 1274 formaene
460 1238 486 1272 tu
497 1223 566 1287 hujus
576 1235 668 1271 contra.
685 1223 792 1290 Denique

253 1313 299 1358 Par
308 1311 407 1378 properi
418 1308 511 1376 referto,
522 1309 587 1375 quod
598 1325 649 1363 eam
659 1309 774 1363 mordeat.

483 1399 701 1446 THRASQ

192 1486 236 1534 445
252 1483 273 1533 si
287 1481 384 1549 quidem
393 1495 546 1538 numeret,
559 1495 612 1528 tum
623 1484 681 1528 istuc
688 1481 820 1548 prodesset,
830 1481 942 1538 Gnatho.

485 1567 711 1616 GNATHQ

252 1660 355 1720 Quando
366 1659 425 1710 illud
437 1659 502 1725 quod
513 1674 539 1707 tu
551 1660 608 1716 das,
622 1660 740 1724 exponat,
759 1671 829 1723 atque
839 1672 923 1719 emet,

252 1747 398 1797 Iamdudum
408 1763 431 1796 te
441 1761 521 1804 amat,
533 1743 673 1811 jamdudum
683 1745 719 1793 illi
732 1742 801 1792 facile
809 1741 854 1801 fit,

252 1834 324 1892 Quod
335 1831 428 1882 doleat:
441 1835 525 1882 metuit
534 1847 624 1898 semper
631 1865 640 1890 ,
654 1832 927 1898 quemipsanunncapit
941 1867 951 1892 ,

252 1921 376 1980 frustum,
391 1935 421 1970 ne
431 1918 527 1987 quando
537 1921 608 1968 iratus
618 1933 644 1968 tu
654 1918 704 1968 aiio
712 1916 828 1970 conferes.

482 2009 698 2056 THRASQ

192 2096 238 2142 450
251 2101 311 2146 Bene
321 2095 395 2146 dixti:
410 2110 435 2145 at
444 2097 506 2145 mihi
517 2099 575 2146 istuc
584 2111 634 2146 non
645 2097 671 2143 in
682 2107 786 2143 mentem
796 2103 901 2145 venerat.

481 2191 708 2238 GNATHQ

249 2272 402 2324 Ridiculum:
416 2276 540 2324 nonenim
550 2277 678 2340 cogitaras:
691 2288 809 2332 ceterum,

250 2360 317 2410 Idem
330 2363 376 2411 hoe
387 2357 437 2410 tite
451 2359 534 2412 melitis
544 2373 634 2428 quanto
647 2361 789 2420 invenisses,
800 2353 911 2406 Thraso!
