2110 3688
268 264 307 310 12
376 230 561 313 Poerrr
598 241 843 320 Terrrtm

535 390 549 434 S
566 389 577 434 I
593 389 622 436 M
639 388 671 435 Ο.

260 465 330 514 Nihil
342 467 398 516 israe
407 483 466 533 opus
481 483 514 517 est
525 485 573 520 erre
582 471 612 520 ad
623 473 683 520 hanc
693 488 742 524 rem
757 489 829 541 quam
839 465 915 544 perce

259 549 303 598 Sed
314 553 357 609 iis,
371 567 428 618 quar
438 567 528 619 temper
536 558 563 604 in
571 569 594 606 te
606 554 714 608 intellexi
724 560 794 620 riter,

259 637 315 687 eide
326 639 352 687 δι
361 641 527 691 taciturnitate.

517 731 531 774 S
548 728 571 772 O
588 727 601 772 S
617 727 628 771 1
646 727 677 774 A.

533 801 633 874 Ὲκροᾶο
644 809 702 876 quid
716 811 786 865 velis.

535 903 549 948 S
567 904 577 947 1
595 903 623 948 M
640 904 672 950 0.

223 977 253 1026 35
260 979 309 1042 Ego
321 989 447 1045 postquem
459 994 483 1032 te
495 983 542 1030 emi
558 996 573 1030 a
588 979 705 1045 parvulo,
716 994 743 1032 ert
751 997 840 1050 temper
852 981 896 1034 ribi

260 1061 333 1127 Apud
343 1068 466 1128 meinero,
481 1067 506 1114 δι
516 1066 618 1136 clemens
630 1057 702 1116 feerit
713 1072 828 1127 servitur,

260 1151 316 1198 Scis.
333 1153 400 1209 ieci,
414 1169 429 1204 e
441 1158 512 1203 Servo
528 1166 554 1201 rrt
566 1169 624 1201 esser
638 1153 734 1204 libertus
745 1157 825 1216 mihi,

259 1237 383 1298 Propterea
394 1237 459 1301 qood
472 1237 588 1287 serviebas
599 1237 737 1288 liberalitem

259 1320 332 1382 Quod
342 1321 545 1378 hebuieummum
558 1327 658 1388 pretium
663 1356 671 1381 ,
690 1321 797 1391 persolvi
808 1324 864 1380 tibi.

523 1415 605 1462 808
623 1415 632 1458 1
650 1415 681 1466 Α.

223 1497 290 1554 40111
300 1497 415 1546 memoria
424 1496 511 1551 habeo.

532 1589 546 1635 s
564 1589 574 1633 1
591 1589 620 1636 M
633 1591 669 1660 o.

527 1674 597 1722 Haud
608 1689 675 1725 muto
688 1673 785 1733 fastum.

526 1759 579 1804 SO
596 1763 609 1806 S
626 1760 637 1805 1
655 1763 688 1808 A.

800 1848 895 1901 caudeo
904 1881 913 1909 ,

261 1923 285 1970 si
295 1921 339 1971 tibi
349 1923 407 1990 qoid
419 1920 481 1983 feti,
495 1940 536 1976 aur
547 1924 626 1986 facio,
638 1929 702 1995 quod
713 1930 818 1996 proteat,
831 1937 906 1983 simo:
920 1937 947 1985 δι

261 2009 289 2058 id
300 2023 391 2074 gratum
401 2009 605 2069 fuisseadversrim
618 2027 656 2071 te,
671 2015 748 2064 habeo
759 2020 869 2081 gratiam.

260 2082 302 2140 s‘ed
313 2089 348 2140 mi
357 2093 404 2141 hoc
412 2091 538 2142 molestum
548 2107 596 2142 est:
611 2109 667 2143 nam
681 2099 946 2156 irreceommemorttio

261 2180 334 2235 Quasi
345 2178 493 2243 exprobratio
505 2193 537 2228 est
548 2183 693 2232 immemoris
705 2184 814 2236 benefici.

196 2292 198 2296 ψ
222 2266 252 2316 4ς
262 2263 327 2320 Quin
339 2275 365 2310 tu
376 2277 424 2311 uoo
435 2263 508 2311 verbo
520 2263 558 2311 die
572 2265 628 2328 quid
644 2279 694 2324 eet,
711 2269 775 2335 quod
786 2286 824 2320 me
835 2269 904 2324 velie.

536 2353 549 2398 S
566 2351 576 2396 1
595 2355 621 2398 M
637 2355 669 2399 0.

262 2437 299 2482 Ira
312 2429 407 2482 faciam.
424 2437 476 2481 Hoc
487 2432 590 2500 primtim
601 2439 626 2484 in
636 2438 681 2486 hae
692 2452 715 2488 re
723 2438 823 2505 praedico
835 2442 895 2498 tibia

262 2525 327 2578 Quat
340 2521 414 2571 credis
428 2537 475 2571 erse
489 2522 549 2581 has,
559 2539 610 2573 non
625 2537 680 2574 erent
693 2541 754 2579 verae
766 2533 865 2598 πυρεῖα.

524 2614 538 2658 S
555 2612 577 2658 0
593 2613 606 2659 S
623 2613 634 2656 1
648 2611 681 2664 A·

262 2694 415 2747 Curtimulas
427 2695 514 2763 igitur?
