2098 3678
245 221 313 285 254
356 197 542 265 Prrnrrr
579 199 826 270 Tnnnnrrr

242 335 321 390 Nam,
336 347 378 398 pro
396 330 474 381 Derim
487 348 557 399 atque
571 335 699 384 hominum
716 336 805 390 fidem!
820 341 879 406 quid
894 343 932 398 vis

240 453 242 457 -
308 420 367 466 ribi?

242 511 309 570 Quid
318 513 416 578 queris?
428 528 502 562 annos
514 516 634 580 sexaginta
645 531 714 566 natus
727 532 767 574 es,

243 603 294 648 Aut
305 599 359 664 plus
371 615 415 656 eo,
430 613 456 647 ur
469 601 585 662 conjicies
601 615 683 665 agrum
697 602 722 648 in
732 601 769 648 his
780 602 915 666 regionibus

239 681 388 739 Meliorem,
401 697 476 747 neque
487 685 555 748 pretii
567 689 662 748 maioris
674 700 745 748 nemo
762 685 848 734 habet:
911 665 915 674 Δ

198 775 214 814 ⁶
218 781 228 829 5
243 779 325 822 Servos
333 771 476 838 complures:
490 771 591 837 proinde
603 776 670 839 quasi
685 790 756 822 nemo
771 778 829 834 sier,

242 867 279 912 Ita
287 862 337 912 tr'rre
346 877 434 912 attente
444 859 541 910 illorum
553 859 631 910 officia
643 861 749 926 fungere.

241 953 373 1016 Nunquam
381 964 432 999 tam
442 964 510 996 mane
522 948 645 1014 egredior,
660 963 734 1014 neque
748 961 799 996 tarn
811 931 907 1013 verpere

241 1041 349 1084 Domum
361 1051 479 1093 revertor,
489 1038 549 1101 quin
564 1047 587 1083 te
598 1035 625 1082 in
639 1032 715 1082 fundo
728 1039 847 1099 conspicer
895 1039 898 1060 ²
940 1095 957 1114 ι

242 1121 343 1178 Fodcre,
356 1135 396 1170 aut
411 1136 491 1178 arare,
507 1134 548 1167 aut
562 1120 654 1186 aliquid
667 1119 727 1168 ferre
739 1119 851 1185 denique.
892 1137 894 1141 ·

198 1209 229 1253 7ο
242 1205 343 1253 Nullum
356 1208 456 1254 remittis
469 1218 576 1270 ternpus,
588 1220 668 1270 neque
683 1218 707 1253 te
721 1207 821 1269 respicis.

242 1299 297 1344 Hrec
306 1313 356 1345 non
365 1297 484 1363 voluptati
495 1298 540 1344 ribi
550 1313 615 1354 esse,
628 1299 683 1345 saris
695 1310 758 1344 cerro
772 1297 830 1348 scio.

241 1394 274 1440 Ar
285 1395 348 1442 enim
357 1411 409 1451 me,
425 1407 541 1460 quantum
553 1392 593 1442 hic
602 1395 676 1460 operis
686 1390 743 1450 fiat,
753 1394 861 1456 poenitet.

240 1476 310 1534 Quod
322 1479 346 1525 in
355 1493 425 1543 opere
436 1477 546 1527 faciendo
555 1495 630 1546 opert
639 1482 757 1528 consumis
767 1492 812 1528 tua
820 1510 829 1537 ,

241 1563 263 1610 si
275 1576 352 1610 sumas
368 1561 393 1612 in
409 1561 457 1611 illis
472 1563 620 1621 exercendis,
634 1561 687 1629 plus
701 1579 763 1629 agas.

415 1655 443 1698 M
455 1656 477 1699 Ἐ
493 1655 516 1700 N
534 1657 551 1700 E
567 1657 589 1701 D
606 1651 622 1700 E
638 1656 667 1700 M
684 1657 707 1702 U
724 1657 748 1705 S·

196 1741 226 1788 75
241 1733 353 1794 Chreme,
366 1733 491 1787 tann'rrnne
500 1737 530 1786 ab
540 1752 563 1786 re
573 1751 615 1786 rua
625 1751 658 1786 esc
669 1741 712 1786 otri
723 1738 785 1797 ribi,

239 1815 323 1867 Aliena
331 1833 357 1869 ur
366 1833 444 1878 curer,
457 1825 545 1885 eaque,
555 1818 618 1866 nihii
625 1835 680 1884 quae
690 1819 720 1868 ad
731 1834 753 1869 te
762 1819 880 1870 attinent!

449 1913 467 1956 C
486 1913 508 1956 H
526 1912 547 1956 R
563 1912 579 1956 E
596 1913 624 1959 M
641 1913 657 1957 E
674 1915 697 1959 S.

239 1999 313 2046 Homo
324 2014 390 2048 sume
402 1995 496 2047 humani
505 1997 587 2048 m'hr'la
599 2018 635 2049 me
647 1997 746 2050 alienum
757 2013 820 2070 puis.

237 2085 330 2137 Veline
339 2104 435 2138 monere
445 2089 493 2137 hoc
500 2119 509 2144 ,
517 2087 559 2138 vel
568 2095 698 2156 percontari
709 2105 780 2158 puta:

239 2169 336 2218 Reciurn
344 2179 392 2222 est?
402 2189 445 2237 ego
452 2185 479 2220 ut
486 2170 588 2222 faciam:
599 2189 649 2224 non
659 2184 706 2225 est?
716 2191 739 2225 re
748 2189 775 2224 ut
784 2173 926 2224 deterream·

414 2264 442 2308 M
457 2265 474 2309 E
490 2265 513 2309 N
530 2267 547 2310 E
563 2269 588 2315 Ι)
604 2269 620 2312 Ε
636 2268 664 2312 Μ
682 2269 703 2313 U
720 2271 743 2312 S.

195 2341 226 2390 8⁰
237 2351 300 2400 Mihi
311 2353 343 2424 sic
353 2366 386 2402 est
395 2366 450 2401 usus
460 2367 466 2398 ι
478 2352 524 2401 ribi
534 2369 560 2402 ur
571 2370 629 2422 opus
640 2369 674 2404 est
684 2354 746 2404 facio
752 2389 760 2414 ,
772 2351 832 2405 face.

457 2445 476 2488 C
493 2447 516 2490 H
531 2447 553 2491 R
570 2447 586 2490 i
603 2447 630 2490 M
648 2447 664 2491 F.
681 2447 703 2494 S.

238 2527 278 2576 Αιι
288 2531 397 2596 cuiquam
407 2544 440 2580 ert
450 2545 505 2581 usus
515 2529 623 2586 homini,
635 2543 658 2578 re
669 2543 695 2576 nt
705 2531 803 2580 cruciet!

414 2617 743 2666 MENEDEMUS.

818 2693 894 2745 Mihi.
