2092 3688
306 168 366 234 ru
403 159 686 232 Altonum.
818 179 839 250 7

144 291 219 374 patri
239 290 317 366 ‚dicat
342 314 374 356 se
392 305 526 375 paratum
540 312 604 354 esse
618 312 742 354 uxorem
752 291 841 358 duce-s

143 412 175 455 re
186 414 194 454 ε
210 417 281 458 nam
293 417 330 458 eo
343 395 448 477 pasto,
461 397 574 478 inquit,
590 392 624 456 &
637 397 712 476 patri
722 413 840 460 ornnem

140 493 279 578 jurgandi
286 501 475 562 occasionem
483 498 665 582 praecideris,
678 497 779 562 &non
789 504 841 564 erit

142 607 247 661 tamen
255 601 417 663 verendum
425 623 462 664 ne
472 603 581 684 nuptiae
591 595 680 660 fiant:
694 622 841 682 nunquam

144 703 226 765 enim
234 703 379 769 Chremes
387 706 437 768 tibi
444 705 559 780 ,semel
567 703 839 786 repudiato,filiam

144 819 233 862 suam
244 803 349 864 itemm
360 805 572 866 commissurus
586 820 642 864 est.
665 803 739 864 Haec
752 806 790 866 ita
804 806 840 868 de

144 903 226 962 servi
235 905 357 966 consilio
370 905 448 976 alia,
469 895 559 987 longe
573 906 656 965 aliter
664 908 791 970 cecidere
808 931 841 972 ac

144 1002 342 1080 putabantur:
353 1023 454 1068 exorat
461 1007 539 1067 enim
549 999 743 1068 Chremetem
752 1006 841 1072 Simo.

145 1093 193 1156 Ira
203 1119 249 1160 res
260 1102 290 1161 in
302 1120 437 1165 verarum
448 1104 617 1186 nuptiarum
626 1100 778 1162 discrimen
791 1093 842 1163 ad'·

144 1197 267 1267 ducitur.
278 1204 368 1268 Forte
378 1229 415 1270 eo
423 1209 489 1291 ipso
499 1205 547 1266 die
559 1202 753 1288 Glycerium,
763 1195 842 1268 exac'·

142 1301 180 1398 ²³⁵:
189 1297 391 1388 temporibus,
407 1329 531 1391 puerum
539 1307 675 1388 peperit;
689 1325 758 1367 eum
768 1326 840 1387 pue·

141 1426 205 1468 rum
218 1408 345 1488 Davus,
359 1410 428 1473 clun
447 1411 529 1471 aliter
544 1410 662 1490 nuptias
680 1407 838 1471 disturbare

140 1528 202 1570 non
215 1531 337 1593 posset,
354 1511 530 1596 proforibus
544 1513 654 1572 aedium
662 1511 788 1574 Simonis
800 1514 838 1574 ab

141 1613 247 1675 ancilla
259 1615 465 1676 collocandum
475 1629 565 1674 curat.
583 1609 620 1672 ln
634 1632 702 1673 eum
716 1613 782 1673 clun
794 1616 837 1674 in·

140 1713 262 1778 cidisset
284 1715 454 1792 Chremes,
474 1717 508 1778 8t
525 1738 542 1778 e
563 1715 712 1796 Pamphilo
738 1697 836 1784 naruni

141 1839 209 1882 esse
223 1841 402 1903 cognosset,
422 1842 536 1884 rursum
550 1819 668 1880 abducit
682 1820 808 1880 animum
820 1842 838 1882 a

42 1987 48 1996 ,
138 1927 268 2009 nuptiis:
289 1929 382 1988 turha
397 1928 534 1988 maxime
553 1925 758 1998 concitantur,
782 1923 836 1985 do-

137 2052 193 2094 nec
214 2033 336 2094 advenit
364 2031 449 2094 Crito
470 2031 627 2105 Auditus,
653 2030 731 2112 qui,
754 2031 835 2112 quud

139 2131 283 2217 Chrysidi
299 2155 405 2215 genere
419 2137 568 2216 proximus
578 2132 701 2208 luisset,
722 2129 760 2191 ad
775 2151 835 2192 cer·

136 2245 265 2306 nendum
280 2243 355 2304 illius
373 2242 573 2304 hereditatem
593 2242 728 2314 Athenas
746 2259 835 2303 vene·

137 2363 190 2406 rat.
219 2343 291 2424 Ejus
309 2345 478 2405 interventu
501 2341 648 2404 Chremes
669 2340 760 2401 filiam
780 2361 835 2422 ago

138 2449 241 2508 noscit.
263 2444 311 2506 lta
319 2488 331 2517 ,
342 2443 460 2506 summi
470 2445 602 2504 omnium
615 2441 736 2515 lotitia,
751 2439 835 2502 Cha·

139 2551 200 2612 rino
215 2547 407 2620 Philumena,
427 2545 603 2630 Glycerium
616 2543 770 2625 Pamphilo
785 2563 836 2604 nu·

139 2648 192 2718 bit.

632 2726 688 2788 -44
