2110 3688
164 157 686 218 'munrrorrnrunrorm
737 147 771 236 xj

101 289 352 378 invidebimus,
379 292 487 362 immo
508 301 542 365 δι
565 293 774 384 sagacitatem

103 434 210 481 eorum
225 407 422 480 mirabimur
441 415 475 478 δι
490 408 699 480 industriam.
718 412 776 478 In-

103 521 195 592 terim
207 545 313 592 unum
330 529 580 607 praemonere&
601 519 702 592 instar
719 547 778 592 co-

98 634 224 710 ronidis
246 633 367 706 addere
395 633 518 717 liceat,
553 634 714 708 nimiritm
739 634 778 708 in

103 747 263 844 plerisque
281 750 544 824 manuertaratis
568 753 776 838 codicibus,

101 867 203 960 iisque
214 867 426 959 pervetustis,
441 890 549 940 extare
558 867 673 942 omnia
684 873 779 960 junc-

106 980 146 1050 tis
165 979 332 1065 versibus,
357 989 393 1053 &
415 1005 511 1052 more
531 1006 632 1072 prosae
655 981 780 1056 orario*

106 1089 154 1162 nis
167 1091 296 1184 scripta.
316 1095 366 1161 Ur
381 1112 417 1162 ut
429 1114 500 1174 est,
526 1114 548 1149 u
567 1113 696 1164 tueatur
707 1092 781 1186 quis

106 1259 129 1294 ,‚
151 1210 211 1284 rite
234 1233 357 1283 ceteras
381 1231 514 1302 partes,
538 1218 574 1282 &
599 1207 704 1282 facilis
727 1211 781 1282 in-

106 1369 129 1406 „
151 1320 468 1394 tricatissimimetri
484 1325 612 1411 ,jadiura
626 1323 713 1397 erit:
731 1350 782 1396 sa-

106 1483 129 1519 „
150 1435 193 1508 tis
216 1461 250 1510 se
276 1460 439 1528 superque
467 1437 623 1528 graphica
648 1462 783 1514 unorum

107 1587 134 1629 ‚‚
154 1543 327 1637 imagine,
355 1547 585 1638 sermonisque
617 1542 784 1638 leporibus

105 1709 129 1746 ,‚
150 1663 401 1735 commendabit
424 1663 611 1736 Terentius.
630 1697 649 1728 a

147 1778 183 1849 Si
200 1777 254 1850 cui
274 1800 383 1850 tamen
404 1778 515 1851 lubeat
536 1779 580 1851 de
602 1779 717 1851 metris
738 1775 787 1850 fa·

106 1885 255 1962 bularum
276 1890 486 1966 Terentii&
507 1889 647 1970 aliorum
663 1889 787 1963 Comi·

114 2053 787 2083 .-.................-......

108 2179 128 2212 ¹·
146 2177 243 2220 rutam
252 2177 409 2230 versuum,
421 2175 586 2240 parumnos
598 2153 731 2230 deceret,
749 2155 787 2222 de.
817 2215 819 2219 ,
843 2153 848 2164 “

109 2283 129 2318 a
147 2262 274 2322 numeris
291 2261 418 2324 arbitrati
435 2261 532 2332 velle,
551 2278 674 2340 quorum
691 2260 789 2348 cognif

109 2383 127 2436 n
145 2365 185 2424 tio
200 2362 263 2441 jam
279 2363 347 2426 inde
364 2385 382 2426 a
396 2363 545 2426 Ciceronis
561 2383 646 2428 aetate
660 2368 709 2427 vix
722 2369 790 2430 satis

111 2465 265 2542 recognita
286 2461 371 2538 fuit,
402 2484 533 2546 quosque
558 2467 606 2529 vel
630 2468 791 2549 peritissimi
868 2505 869 2508 κ

109 2579 130 2616 υ
149 2555 212 2624 Viri
226 2581 290 2628 nen
305 2562 360 2627 nisi
376 2563 527 2631 difficulter
542 2565 792 2650 expediremus
