2110 3688
239 220 301 321 ffij
412 221 745 316 Lucronu
839 253 843 260 ·

240 371 377 469 juvenes
390 401 502 463 erant,
517 376 593 452 cum
607 381 723 450 Roma
732 372 933 450 Comoedia'a

239 491 418 564 Terentius
432 491 637 566 elaboraret:
652 490 730 564 illos
746 489 827 561 vero
840 511 930 580 quo-

242 630 317 682 rum
330 629 430 696 opera
448 607 499 677 uti
512 604 724 689 credebatur,
737 602 774 673 in
785 598 876 674 bello
891 607 930 672 δι

241 721 277 792 in
292 719 365 791 otio
379 717 485 792 clatos
502 716 625 806 fitisse,
649 745 685 791 ac
701 714 845 810 proinde
859 719 931 807 jam
1042 742 1043 746 ¹

241 852 334 903 aetate
357 830 585 922 provectiores
615 853 754 902 testatur
789 828 860 921 ipse
891 827 931 903 iu

242 943 383 1038 prologo
405 941 525 1015 'fabulae
546 943 603 1015 cui
623 963 748 1015 nomen
770 941 929 1034 Adelphi»

241 1057 402 1130 Dicamus
428 1083 509 1149 ergo
532 1083 551 1129 a
572 1057 673 1128 Po'e‘ta
700 1056 843 1130 indicari
865 1061 933 1128 Fu·¹
1028 1125 1031 1130 ,

241 1173 331 1246 rium
362 1173 551 1258 Publium,
588 1177 716 1246 Caium
746 1172 931 1267 Sulpitium

242 1286 402 1372 Gallum,
429 1284 601 1372 Quintum
634 1279 772 1358 Fabium
802 1283 932 1358 Labeo·¹

241 1421 358 1481 nem,.
376 1401 529 1470 Marcum
554 1395 754 1488 Popilium,
787 1406 823 1472 &
848 1396 932 1472 alios
988 1489 991 1493 .

242 1537 362 1606 genere
377 1535 414 1585 ac
426 1511 578 1586 doctrina
595 1509 725 1585 nobiles
739 1511 830 1586 vitos
843 1533 931 1608 quo·

242 1646 318 1696 rum
348 1622 500 1697 amicitie
525 1631 562 1698 &
589 1620 719 1716 judicio
747 1618 932 1717 plurimum

244 1734 408 1808 utebatur.

252 1875 258 1886 ·
289 1851 375 1920 Non
402 1846 546 1921 deerunt
568 1842 677 1919 forsan
702 1844 763 1942 qui
789 1873 808 1919 a
834 1844 932 1922 nobit

244 1986 418 2057 reposcant
429 1967 563 2037 Po'e'tam
575 1960 665 2035 hunc
675 1987 739 2035 ruae
747 1985 811 2048 ,ut
821 1963 932 2052 aium,

240 2079 388 2171 juvente
413 2078 616 2152 restitutum.
641 2077 934 2152 Constitueramus

246 2187 388 2283 quidem
413 2217 536 2264 novam
562 2189 716 2264 Terentii
741 2189 931 2264 editionem

245 2304 402 2378 exhibere
420 2305 461 2376 ad
472 2308 596 2397 priscos
607 2305 800 2378 adornatam
814 2331 933 2381 nume⁴

245 2445 321 2506 rosa
341 2423 420 2508 sed,
442 2447 480 2497 ut
500 2421 662 2498 fateamur
679 2424 772 2518 quod
790 2448 841 2496 tes
858 2445 932 2510 est,

245 2531 468 2609 inextricabili
488 2538 537 2610 tei
565 2536 711 2610 metricae
732 2531 933 2608 difficultate

246 2645 421 2739 deterriti,
436 2661 473 2730 &
489 2653 612 2742 iisdem
626 2675 781 2749 ptaeterea
795 2652 932 2730 adducti
